2444 4010
291 331 328 369 aa
342 331 468 371 uxeussu
481 331 546 370 u1v1
559 331 687 372 auousm
700 331 735 371 111
748 331 809 371 a-e.
946 323 1003 383 115

94 510 296 575 progressum
324 511 429 576 neque
452 491 679 557 abscedentem
703 513 723 557 a
745 513 881 577 corpore
904 494 1020 558 simulo

93 595 201 660 urbem
229 595 414 678 intravisse3
446 596 652 661 circumfusas
680 596 765 663 lecto
790 596 999 662 Claudiorum

92 697 308 786 Iuliorumque
323 700 495 785 imagines3
520 699 672 765 defletum
687 702 721 766 iu
736 701 817 784 foro,
832 702 999 767 laudatum

93 826 151 889 pro
173 807 294 889 rostris,
318 811 433 872 cuncta
454 829 473 872 a
495 807 669 872 maioribus
692 811 822 892 reperta
844 813 900 872 aut
917 828 999 893 quae

92 913 214 993 posteri
243 911 427 977 invenerint
458 911 628 976 cumulata.
672 914 705 976 at
734 910 927 977 Germanico
957 934 999 977 ne

91 1015 202 1080 solitos
225 1016 356 1100 quidam
378 1022 411 1081 et
432 1016 622 1100 cuicumque
637 1016 738 1080 nobili
755 1015 880 1081 debitos
894 1017 1034 1080 hono-10

90 1140 140 1184 res
169 1121 354 1204 contigisse.
405 1141 483 1185 saue
513 1140 628 1204 corpus
660 1119 701 1184 ob
730 1120 998 1206 longinquitatem

90 1224 238 1289 itinerum
269 1225 411 1288 externis
439 1243 570 1310 ¹quoquo
594 1223 691 1289 modo
716 1230 906 1290 crematum:
941 1226 999 1292 sed

90 1334 178 1394 tanto
199 1329 292 1414 plura
314 1325 433 1394 deeora
454 1349 532 1392 mox
554 1327 652 1393 tribui
666 1329 846 1413 parfuisse,
870 1332 998 1414 quando

91 1435 194 1518 prima
222 1434 289 1500 fors
317 1435 512 1518 negavisset.
556 1454 623 1498 nou
645 1432 793 1517 fratrem,
822 1433 882 1498 nisi
906 1436 1001 1500 unius

91 1539 153 1604 diei
177 1541 240 1622 via,
262 1561 329 1606 non
343 1545 493 1625 patruum
509 1540 623 1606 saltem
638 1544 737 1623 porta
746 1545 842 1603 tenus
859 1538 1000 1605 obvium.
1010 1558 1035 1597 1⁵

91 1643 144 1710 ubi
159 1644 217 1708 illa
231 1650 379 1709 veterum
387 1644 542 1728 instituta,
558 1643 757 1728 propositam
765 1649 838 1709 toro
852 1643 1001 1730 effigiem,

90 1747 246 1814 meditata
275 1747 317 1812 ad
345 1747 534 1813 memoriam
565 1747 691 1812 virtutis
714 1747 854 1811 carmina
878 1754 910 1812 et
931 1749 1000 1813 lau·

94 1851 241 1917 dationes
263 1859 297 1917 et
318 1852 465 1917 lacrimas
487 1852 541 1916 vel
564 1851 686 1916 doloris
709 1851 931 1916 imitamenta?

153 1959 185 2021 6.
221 1958 366 2023 Gnarum
393 1955 428 2020 id
449 1955 580 2022 Tiberio
609 1955 686 2039 fuit3
715 1961 815 2042 utque
837 1961 1001 2040 premeret

90 2060 179 2145 vulgi
202 2080 377 2144 sermones,
399 2060 524 2125 monuit
547 2059 796 2126 edictomultos
818 2058 999 2125 inlustrium

90 2164 311 2230 Romanorum
340 2168 380 2231 ob
409 2164 662 2251 rempublicam
686 2165 808 2247 obisse,
837 2163 1001 2229 neminem

89 2273 152 2334 tam
177 2269 325 2352 flagranti
349 2269 511 2334 desiderio
536 2268 744 2334 celebratum.
778 2267 876 2353 idque
892 2273 925 2332 et
940 2267 1001 2332 sibi

91 2379 121 2436 et
149 2373 273 2438 cunctis
296 2373 480 2460 egregium,
509 2373 537 2437 si
559 2371 675 2438 modus
698 2372 891 2439 adiceretur.
935 2395 1022 2438 nono

91 2480 176 2542 euim
209 2477 324 2543 eadem
347 2478 465 2544 decora
485 2477 683 2563 principibus
708 2476 783 2541 viris
807 2483 840 2541 et
861 2477 1000 2562 impera-

90 2583 150 2646 tori
165 2585 300 2668 populo,
322 2604 405 2668 quae
421 2581 558 2648 modicis
572 2580 721 2646 domibus
736 2586 791 2645 aut
807 2580 1000 2645 civitatibus.

92 2684 279 2750 convenisse
307 2687 431 2750 receuti
462 2682 567 2750 dolori
588 2685 711 2748 luctum
734 2689 768 2748 et
790 2706 832 2749 ex
854 2705 999 2749 maerore

91 2788 225 2870 solacia;
248 2789 307 2854 sed
329 2789 536 2855 referendum
558 2789 622 2853 iam
644 2788 785 2852 animum
808 2788 850 2853 ad
864 2789 1000 2853 firmitu-

92 2890 216 2976 dinem,
248 2899 286 2958 ut
316 2892 479 2979 quondam
509 2893 603 2958 divus
631 2893 734 2958 Iulius
762 2895 879 2959 amissa
906 2894 1035 2959 unicam

91 2997 171 3080 filia,
203 3004 239 3062 ut
269 2997 361 3062 divus
383 2996 551 3081 Augustus
584 2998 704 3082 ereptis
732 2997 907 3082 nepotibus
929 2998 1001 3061 abs-

92 3103 241 3166 truserint
259 3102 433 3168 tristitiam.
469 3103 516 3167 nil
536 3122 617 3186 opus
637 3102 868 3167 vetustioribus
892 3122 1001 3167 exem·

93 3205 168 3289 plis,
201 3207 350 3291 quotiens
380 3207 521 3292 populus
542 3207 709 3272 Romanus
739 3207 847 3271 clades
878 3206 1002 3271 exerci-

94 3315 191 3393 tuum,
214 3311 382 3376 interitum
407 3310 534 3394 ducum,
557 3311 701 3376 funditus
722 3311 855 3377 amissas
876 3311 1004 3376 nobiles

94 3411 227 3479 familias
260 3421 444 3481 constanter
475 3415 595 3481 tulerit.
647 3415 810 3501 principes
839 3416 1001 3496 mortales,
1012 3432 1037 3472 1⁶

95 3537 159 3582 rem
187 3519 348 3604 publicam
378 3527 543 3586 aeternam
573 3542 656 3586 esse.
701 3523 795 3605 proin
818 3526 1003 3607 repeterent
