2444 4010
215 317 270 373 150
541 321 679 364 CORNELII
694 324 791 364 raom

213 486 299 546 tusto
330 480 364 545 in
394 487 504 566 patres
533 483 648 547 merita
681 489 714 547 et
743 504 857 548 recens
890 485 955 549 divi
983 483 1114 569 Augusti

215 585 381 651 decretum
404 586 567 669 adtulere,
598 587 720 652 laudati
750 588 836 672 quod
858 588 1053 652 Parthorum
1073 588 1115 650 in·

213 690 397 776 ruptionem
427 691 508 755 nihil
538 696 662 755 mutata
694 691 726 754 in
758 692 914 777 populum
943 694 1116 758 Romanum

179 811 204 850 1⁰
215 797 395 861 constantia
420 796 646 881 pertulissent:
680 795 986 880 Aphrodisiensium
1014 797 1118 862 civitas

213 901 366 983 Veneris,
401 900 689 965 Stratonicensium
711 901 800 966 Iovis
830 907 863 964 ct
891 901 1019 967 Triviae
1047 902 1117 966 reli-

214 1003 344 1088 gionem
367 1006 550 1069 tuebantur.
595 1006 690 1069 altius
713 1004 1038 1072 Hierocaesarienses
1067 1028 1118 1070 ex·

213 1130 370 1196 posuere,
402 1110 566 1174 Persicam
597 1108 684 1195 apud
707 1131 743 1174 se
765 1109 922 1192 Dianam,
955 1109 1119 1176 delubrum

215 1215 300 1298 Syro
318 1214 476 1295 dicatum,
493 1219 526 1278 et
540 1215 803 1279 memorabantur
817 1216 1020 1300 Perpennae,
1035 1215 1120 1279 Isau·

180 1320 272 1384 strici
293 1320 457 1403 multaque
480 1319 543 1384 alia
565 1319 798 1403 imperatorum
819 1320 959 1402 nomina,
982 1321 1037 1404 qui
1060 1340 1121 1384 non

213 1425 311 1487 modo
327 1424 447 1508 templo
460 1424 519 1488 sed
535 1423 659 1487 duobus
675 1424 806 1489 milibus
820 1446 972 1510 passuum
990 1425 1121 1490 candem

214 1529 416 1593 sanctitatem
437 1528 623 1593 tribuerant.
657 1530 742 1592 exim
760 1530 871 1615 Cyprii
887 1532 989 1594 tribus
1010 1531 1055 1594 de
1071 1531 1120 1594 de·
1201 1551 1202 1598 l

214 1632 331 1716 lubris,
371 1647 505 1719 'quorum
545 1633 797 1714 vetustissimum
826 1636 972 1722 Paphiae
1003 1635 1123 1701 Veneri

215 1745 327 1803 auctor
356 1737 488 1821 Aerias,
519 1744 594 1823 post
622 1739 706 1804 filius
730 1739 799 1804 eius
822 1739 981 1804 Amathus
1003 1738 1122 1803 Veneri

180 1858 205 1898 20
214 1842 424 1908 Amathusiae
448 1848 481 1908 at
504 1842 576 1907 Iovi
592 1842 769 1907 Salamini-o
784 1842 920 1924 Teucer,
943 1842 1124 1908 Telamonis

214 1948 314 2032 patris
337 1949 385 2012 ira
408 1947 574 2033 profugus,
597 1947 789 2031 posuissent.

281 2053 332 2117 63.
364 2051 505 2116 Auditae
529 2052 663 2115 aliarum
686 2071 814 2135 quoque
838 2051 1013 2114 civitatium
1038 2050 1123 2133 lega·
1202 2077 1203 2112 l

214 2156 330 2220 tiones.
372 2176 508 2240 quorum
528 2156 621 2240 copia
636 2155 715 2218 fessi
734 2161 844 2240 patres
868 2160 901 2218 et
920 2154 994 2238 quia
1012 2154 1124 2218 studiis

215 2261 397 2324 certabatur
412 2260 596 2326 consulibus
611 2260 800 2345 permisere,
815 2264 851 2322 ut
862 2265 1034 2344 perspecto
1048 2259 1123 2336 iure,

217 2370 249 2427 et
270 2364 362 2448 siqua
379 2363 529 2448 iniquitas
545 2364 775 2446 involveretur,
800 2384 868 2428 rem
883 2363 1045 2446 integram
1060 2385 1125 2426 rur·

194 2487 285 2530 asum
315 2465 357 2529 ad
387 2472 533 2531 senatum
563 2467 734 2532 referrent.
781 2468 929 2532 consules
953 2487 1053 2553 super
1076 2487 1125 2531 eas

216 2567 370 2651 civitates,
390 2590 468 2653 quas
485 2571 672 2653 memoravi,
692 2570 780 2656 apud
795 2571 990 2656 Pergamum
1005 2571 1125 2637 Aescu·

215 2674 292 2758 lapii
316 2680 505 2759 conpertum
529 2675 655 2759 asylum
679 2675 891 2739 rettulerunt:
923 2685 1049 2740 ceteros
1074 2676 1124 2741 ob·

215 2779 315 2843 scuris
339 2779 381 2844 ob
403 2783 598 2843 vetustatem
622 2777 720 2842 initiis
740 2778 808 2842 niti.
837 2799 913 2842 nam
930 2779 1124 2872 Zmyrnaeos

216 2884 381 2949 oraculum
411 2882 591 2968 Apollinis,
631 2883 722 2947 cuius
755 2883 889 2967 imperio
921 2880 1122 2948 Stratonicidi

178 2989 338 3056 1⁰Veneri
360 2990 517 3074 templum
541 2988 730 3069 dicaverint,
753 2987 873 3052 Tenios
890 2989 1036 3052 eiusdem
1058 3007 1122 3051 car·

213 3115 288 3159 men
304 3093 434 3176 referre,
450 3105 521 3178 'quo
538 3113 663 3157 sacrare
682 3091 825 3175 Neptuni
840 3091 979 3175 effigiem
994 3091 1122 3156 aedem·

214 3219 275 3282 que
292 3197 369 3263 iussi
385 3197 457 3260 sint.
488 3196 641 3281 propiora
657 3195 845 3260 Sardianos:
865 3193 1044 3259 Alexandri
1058 3195 1121 3259 vic·

214 3302 292 3366 toris
315 3302 446 3365 donum.
492 3320 596 3384 neque
620 3301 726 3364 minus
749 3299 893 3363 Milesios
915 3300 1025 3363 Dareo
1047 3297 1121 3362 niti:

215 3405 319 3467 cultus
340 3403 506 3467 numinum
528 3403 672 3488 utrisque
695 3403 833 3467 Dianam
861 3408 916 3467 aut
937 3403 1120 3488 Apollinem

180 3507 400 3572 1avenerandi.
444 3519 557 3592 petere
587 3513 620 3572 et
649 3505 821 3572 Cretenses
852 3506 1022 3571 simulacro
1057 3504 1121 3569 divi
