2498 4010
209 302 245 359 76
534 304 784 346 conrnnnrscrrr

207 466 281 548 illis,
309 465 384 529 dum
407 465 580 551 trepidant,
605 464 681 528 dum
704 461 878 546 refugiunt,
902 461 1121 528 evertentibus
1222 473 1223 478 ’

207 591 318 636 mensa
347 570 470 652 lumen,
503 569 656 634 feralibus
685 569 748 632 iam
779 568 840 632 sibi
870 567 1013 636 tenebris
1043 566 1123 631 duos

206 675 288 740 ictus
317 674 350 738 in
373 675 498 738 viscera
521 672 658 738 derexit.
704 672 745 736 ad
768 673 925 756 gemitum
949 670 1121 738 conlaben-

174 801 199 840 ro
207 780 248 844 tis
271 777 442 843 adcurrere
465 777 591 841 liberti:
616 783 649 841 et
671 776 771 841 caede
794 777 862 840 visa
881 774 975 844 miles
991 773 1122 839 abstitit

207 881 368 947 accusatio
391 886 500 946 tamon
519 879 606 965 apud
620 884 729 964 patres
745 877 991 943 adseveratione
1008 876 1123 942 eadem

206 991 337 1072 peracta
367 987 547 1069 iuravitque
570 984 718 1069 Tiberius
748 985 926 1069 petiturum
957 1004 1002 1050 sev
1022 983 1121 1049 vitam

207 1089 353 1175 quamvis
382 1090 530 1170 nocenti,
561 1089 623 1154 nisi
646 1090 861 1160 voluntariam
884 1094 1024 1154 mortem
1047 1111 1121 1173 pro·

207 1193 396 1279 paravisset.

271 1299 322 1362 32.
354 1298 447 1364 Bona
462 1298 546 1364 inter
559 1305 764 1365 accusatores
779 1297 966 1363 dividuntur
982 1303 1015 1362 et
1029 1317 1121 1382 prae·

207 1407 298 1467 turae
322 1408 415 1467 extra
431 1401 577 1468 ordinem
594 1401 687 1469 datae
704 1403 742 1467 iis
759 1403 814 1486 qui
829 1402 984 1467 senatorii
1001 1401 1122 1466 ordinis

207 1513 307 1574 erant.
352 1512 428 1572 tunc
453 1507 549 1572 Cotta
571 1506 764 1572 Messalinus
793 1528 834 1572 ne
857 1507 966 1592 imago
989 1505 1121 1570 Libonis

208 1611 377 1696 exsequias
388 1617 593 1697 posterorum
604 1613 812 1677 comitaretur
823 1612 957 1694 censuit,
969 1609 1027 1676 Cn'.
1038 1609 1121 1674 Len·

185 1719 292 1782 stulus
321 1718 435 1802 nequis
457 1716 644 1783 Scribonius
667 1721 920 1799 cognomentum
941 1714 1042 1780 Drusi
1067 1714 1120 1778 ad·

205 1826 358 1887 sumeret.
403 1822 675 1908 supplicationum
707 1822 777 1888 dies
806 1820 981 1907 Pomponii
1013 1820 1121 1885 Flacci

206 1925 366 1991 sententia
389 1926 571 2009 constituti,
596 1925 682 1990 dona
703 1925 777 1990 Iovi
798 1927 895 1992 Marti
920 1925 1121 1990 Concordiae
1225 1935 1226 1940 ’

205 2035 305 2114 utque
321 2029 441 2095 Iduum
451 2029 690 2115 Septembrium
708 2029 788 2112 dies,
805 2050 868 2113 quo
882 2028 1009 2095 seLibo
1022 2030 1121 2094 inter·

205 2134 336 2212 fecerat,
358 2135 460 2200 festus
482 2135 671 2218 haberetur,
694 2134 731 2198 L.
755 2135 830 2198 Piso
854 2139 888 2198 et
911 2133 1024 2200 Gallus
1047 2131 1121 2198 Asi·

172 2237 278 2304 1onins
295 2245 328 2302 et
349 2238 469 2322 Papius
485 2237 620 2302 Mutilus
641 2244 674 2303 et
688 2236 726 2304 L.
743 2237 907 2323 Apronius
930 2237 1120 2317 decrevere;

207 2362 345 2426 quorum
383 2342 590 2407 auctoritates
627 2341 895 2425 adulationesque
927 2341 1055 2424 rettuli,
1085 2347 1121 2406 ut

207 2447 345 2512 sciretur
371 2453 464 2511 vetus
486 2447 520 2512 id
542 2448 576 2510 in
598 2469 633 2512 re
656 2446 785 2532 publica
808 2446 938 2510 malum.
982 2444 1068 2510 facta
1089 2450 1120 2508 et

208 2549 249 2616 de
272 2550 508 2615 mathematicis
521 2550 689 2634 magisque
705 2549 802 2613 Italia
817 2547 978 2634 pellendis
992 2552 1120 2612 senatus

208 2653 368 2735 consulta3
403 2674 539 2738 quorum
572 2674 589 2718 e
619 2673 754 2719 numero
783 2650 821 2716 L.
844 2652 1012 2716 Pituanius
1042 2670 1118 2716 saxo

174 2789 198 2827 ιε
209 2757 353 2823 deiectus
376 2762 442 2841 est,
464 2758 498 2821 in
520 2757 558 2823 P.
581 2757 738 2823 Marcium
762 2757 910 2822 consules
934 2763 1028 2822 extra
1049 2777 1120 2842 por·

144 2899 149 2914 ·
208 2869 275 2926 tam
297 2861 507 2947 Esquilinam,
532 2882 605 2927 cum
628 2861 795 2926 classicum
811 2860 1119 2938 canereiussissent,

208 2987 299 3040 more
322 2966 428 3052 prisco
452 2966 631 3031 advertere.
1011 3029 1014 3036 ,

275 3071 326 3134 33.
358 3069 513 3134 Proximo
538 3074 668 3134 senatus
683 3067 736 3134 die
751 3068 852 3133 multa
867 3068 900 3134 in
914 3069 1029 3133 luxum
1044 3068 1120 3135 civi·

209 3176 285 3244 tatis
308 3173 394 3238 dicta
415 3173 648 3248 aquatario
674 3173 843 3256 consulari,
867 3173 1002 3240 Octavio
1018 3175 1120 3240 Fron·

209 3284 286 3343 tone
309 3285 460 3363 praetura
482 3279 607 3342 functo:
633 3277 863 3363 decretumque
886 3299 927 3343 ne
950 3299 1028 3342 vasa
1044 3297 1120 3343 auro

212 3381 315 3446 solida
339 3381 556 3446 ministrandis
580 3381 658 3445 cibis
681 3381 813 3464 fierent,
835 3403 876 3446 ne
900 3382 999 3447 vestis
1021 3382 1122 3447 serica

191 3485 298 3549 sviros
339 3484 497 3550 foedaret.
552 3485 691 3550 excessit
720 3485 843 3551 Fronto
878 3507 915 3550 ac
946 3486 1121 3571 postulavit
