2444 4010
255 289 311 346 168
583 296 721 336 CORNELII
734 297 832 337 TACITI

253 451 351 536 igitur
383 454 617 519 contumaciam
639 455 842 541 Agrippinae
872 457 1039 540 inscctari,
1072 465 1161 522 vetus

252 557 422 640 Augustae
453 558 578 641 odium,
606 567 770 624 recentem
791 561 904 626 Liviae
934 563 1161 628 conscientiam

217 685 242 723 15
252 663 436 746 exagitare,
459 669 496 727 ut
518 665 689 748 superbam
712 665 837 746 liberis,
868 666 1039 730 subnixam
1062 688 1161 752 popu·

250 765 369 830 laribus
388 765 502 830 studiis
517 766 642 834 inhiare
658 768 870 832 dominationi
884 769 972 853 apud
989 769 1160 836 Caesarem

250 877 433 952 arguerent.
478 872 599 956 alitque
630 871 711 937 haec
741 873 864 936 callidis
894 873 1161 955 criminatoribus,

202 1059 206 1066 ι
249 974 333 1039 inter
354 995 435 1059 quos
460 977 628 1059 delegerat
648 977 767 1042 Iulium
788 978 990 1060 Postumum,
1014 979 1160 1044 Mutiliae

248 1079 378 1144 Priscae
401 1081 484 1146 inter
505 1081 636 1146 intimos
652 1089 684 1146 et
701 1083 842 1146 consiliis
860 1082 924 1146 suis
938 1083 1159 1167 peridoneum,

215 1187 324 1269 coquia
355 1185 466 1250 Prisca
500 1186 532 1250 in
570 1188 676 1250 animo
712 1186 881 1271 Auguatae
918 1186 1028 1252 valida
1066 1209 1159 1252 anum

248 1297 361 1374 suapte
376 1297 492 1356 natura
506 1292 671 1376 potentiae
687 1292 816 1357 anxiam
828 1292 1054 1357 insociabilem
1068 1294 1158 1382 nurui

249 1395 417 1461 efficiebat.
470 1394 671 1482 Agrippinae
703 1417 831 1481 quoque
863 1397 1005 1480 proximi
1037 1396 1158 1462 inlicie-

247 1497 363 1563 bantur
393 1501 501 1585 pravis
530 1499 730 1566 sermonibus
760 1501 903 1565 tumidos
926 1501 1059 1585 spiritus
1089 1522 1156 1586 per·

247 1603 423 1669 stimulare.

315 1709 364 1772 13.
396 1707 442 1771 At
464 1708 611 1773 Tiberius
635 1708 714 1773 nihil
737 1710 918 1774 intermissa
940 1730 1050 1774 rerum
1075 1731 1156 1789 cura,

246 1814 377 1897 negotia
398 1835 457 1898 pro
482 1815 608 1878 solaciis
628 1815 798 1899 accipiens,
821 1815 870 1878 ius
893 1815 1021 1896 civium,
1045 1835 1155 1899 preces

246 1917 406 1982 sociorum
427 1918 602 2000 tractabat3
634 1919 782 2003 factaque
809 1924 940 1983 auctore
965 1939 1004 1982 eo
1028 1926 1156 1982 senatus
1209 1959 1210 1995 ,

246 2023 408 2103 consulta,
455 2028 491 2085 ut
530 2023 651 2086 civitati
686 2021 888 2107 Cibyraticae
925 2027 1004 2106 aput
1035 2021 1154 2101 Asiam,
1205 2041 1209 2083 l

223 2125 400 2211 sAegiensi
426 2126 512 2211 apud
535 2125 708 2209 Achaiam,
738 2133 829 2190 motu
852 2135 956 2191 terrae
978 2125 1153 2203 labefactis,
1207 2147 1208 2169 r

243 2232 469 2296 subveniretur
490 2231 680 2296 remissione
704 2231 814 2296 tributi
837 2231 870 2295 in
892 2228 1081 2294 triennium.
1126 2233 1154 2290 et
1206 2234 1207 2257 ¹

243 2335 358 2399 Vibius
381 2336 519 2400 Serenus
541 2357 600 2420 pro
633 2337 765 2401 consule
788 2333 950 2399 ulterioris
976 2332 1152 2418 Hispaniae
1205 2322 1206 2345 ¹

244 2440 284 2504 de
315 2441 347 2505 vi
379 2440 508 2525 publica
539 2441 708 2505 damnatus
739 2441 921 2524 Amorgum
952 2438 986 2503 in
1019 2438 1152 2503 insulam
1204 2427 1205 2431 ¹

243 2543 442 2628 deportatur.
489 2542 653 2609 Carsidius
676 2544 853 2626 Sacerdos,
877 2564 969 2625 reus,
993 2550 1151 2627 tamquam

208 2665 233 2704 10
241 2649 402 2714 frumento
418 2651 548 2714 hostem
562 2649 798 2714 Tacfarinatem
812 2647 956 2728 iuvisset,
977 2645 1149 2711 absolvitur

242 2753 450 2838 eiusdemque
473 2753 613 2816 criminis
633 2751 668 2816 C.
687 2740 861 2818 Gracchus.
893 2751 979 2814 hunc
1001 2750 1148 2813 comitem

243 2857 330 2919 exilii
363 2857 539 2921 admodum
569 2857 725 2921 infantem
755 2861 849 2940 pater
880 2853 1091 2938 Sempronius
1119 2850 1147 2912 in

240 2959 377 3025 insulam
401 2960 569 3027 Cercinam
592 2962 719 3026 tulerat.
757 2961 822 3024 illic
841 2960 969 3024 adultus
991 2959 1077 3024 inter
1095 2976 1145 3020 ex·
1197 2999 1198 3043 ,

240 3073 344 3130 torres
376 3073 409 3131 et
439 3066 621 3132 liberalium
651 3065 767 3129 artium
798 3064 944 3144 nescios,
982 3082 1062 3126 mox
1094 3077 1146 3144 per
1196 3080 1197 3129 l

206 3194 230 3233 u
238 3169 381 3234 Africam
413 3191 451 3234 ac
481 3170 624 3235 Siciliam
653 3169 808 3233 mutando
850 3166 998 3232 sordidas
1029 3183 1144 3230 merces
1195 3154 1196 3217 l

240 3275 494 3356 sustentabatur3
528 3295 634 3358 neque
657 3279 764 3336 tamen
788 3270 903 3355 effugit
926 3289 1064 3351 magnae
1087 3267 1154 3332 fon·

240 3384 336 3442 tunae
359 3378 512 3461 pericula.
544 3397 580 3440 ac
602 3377 636 3441 ni
657 3375 771 3440 Aelius
793 3375 907 3440 Lamia
931 3381 965 3438 et
987 3372 1026 3436 L.
1042 3371 1141 3456 Apro·

239 3480 327 3562 nius,
359 3481 413 3565 qui
434 3482 579 3546 Africam
602 3481 823 3563 obtinuerant,
855 3481 1018 3545 insontem
1040 3485 1140 3563 prote·
