2498 4010
252 323 291 378 66
584 328 722 368 coaunnn
736 329 834 370 rnorrr
888 353 897 370 ,

251 508 311 572 pos
341 485 611 576 modo-Romano
643 487 683 550 ad
713 489 873 574 proelium
903 489 1023 574 bonos,
1056 489 1112 554 sed
1135 493 1161 555 si

251 592 332 657 ratio
365 581 464 670 adsit‚'
495 592 591 655 silvas
621 599 654 656 et
682 593 798 675 saltus3
828 615 888 658 nec
911 595 996 659 enim
1019 595 1161 660 inmensa

237 679 459 761 'barbarorum
491 700 597 790 scuta,
627 698 768 761 enormis
797 698 905 762 hastas
927 699 1011 763 inter
1033 707 1161 764 truncos

219 828 243 867 ιο
253 802 403 867 arborum
437 806 469 868 et
492 808 587 867 enata
609 803 709 866 humo
733 802 873 887 virgulta
894 803 1030 889 perinde
1052 803 1161 868 haberi

253 927 348 992 quam
365 906 430 991 pila
446 910 479 971 et
493 906 620 989 gladios
637 911 670 969 et
684 905 852 970 haerentia
867 906 996 990 corpori
1011 907 1161 989 tegmina.

255 1010 428 1075 denserent
448 1009 541 1091 ictus,
567 1031 623 1074 ora
644 1009 851 1074 mucronibus
868 1017 1075 1095 quaererent:
1099 1033 1162 1076 non

253 1116 386 1180 loricam
410 1113 585 1198 Germano,
607 1134 672 1179 non
696 1114 832 1199 galeam,
858 1136 900 1179 ne
923 1119 1013 1180 scuta
1035 1116 1160 1201 quidem

253 1219 339 1285 ferro
368 1236 510 1284 nervove
539 1217 680 1299 firmata,
710 1217 769 1290 sed
798 1217 952 1282 viminum
981 1225 1090 1283 textus
1113 1221 1161 1284 vel

221 1353 246 1392 ns
255 1324 361 1390 tenuis
381 1329 413 1389 et
435 1324 558 1388 fucatas
582 1323 690 1388 colore
713 1321 855 1404 tabulas3
882 1322 1018 1407 primam
1041 1329 1162 1388 utcum-

256 1450 318 1515 que
341 1429 444 1493 aoiem
468 1428 639 1509 haustam,
668 1427 784 1491 ceteris
806 1434 957 1512 praeusta
979 1433 1034 1492 aut
1056 1428 1162 1494 brevia

254 1534 329 1598 tela.
374 1532 437 1597 iam
466 1553 582 1618 corpus
612 1537 648 1596 ut
669 1532 740 1596 visu
762 1539 890 1597 torvum
914 1538 947 1598 et
970 1532 1010 1597 ad
1033 1534 1160 1600 brevem

254 1638 411 1722 impetum
433 1635 591 1716 validum,
622 1637 667 1699 sio
689 1635 778 1700 nulla
800 1637 970 1702 vulnerum
992 1637 1161 1723 patientia:

254 1742 322 1806 sine
339 1740 464 1826 pudore
479 1740 602 1825 flagitii,
620 1741 688 1805 sine
704 1761 781 1804 cura
796 1739 914 1806 ducum
928 1743 1027 1824 abire,
1042 1741 1161 1827 fugere,

220 1869 245 1909 ro
255 1845 391 1933 pavidos
414 1846 575 1928 adversis,
597 1847 681 1910 inter
705 1845 846 1911 secunda
868 1867 932 1911 non
957 1845 1074 1930 divini,
1101 1869 1161 1913 non

255 1951 386 2017 humani
410 1950 486 2015 iuris
503 1970 674 2014 memores.
707 1950 733 2014 si
749 1949 858 2015 taedio
874 1951 998 2017 viarum
1016 1973 1054 2016 ae
1069 1953 1162 2016 maris

255 2057 352 2122 finem
381 2056 527 2141 cupiant,
559 2055 620 2119 hac
649 2055 717 2119 acie
742 2054 864 2140 parari:
893 2054 1081 2139 propiorem
1103 2056 1162 2118 iam

255 2159 366 2224 Albim
389 2179 484 2243 quam
507 2157 657 2223 Rhenum
680 2179 785 2244 neque
809 2158 929 2223 bellum
951 2159 1044 2241 ultra,
1068 2158 1161 2224 modo

257 2286 312 2347 se,
341 2263 440 2349 patris
463 2263 633 2350 patruique
657 2264 794 2348 vestigia
816 2270 1034 2349 prementem,
1062 2264 1162 2329 isdem

223 2367 290 2434 asin
313 2366 408 2430 terris
431 2367 589 2431 victorem
612 2367 771 2433 sisterent.

324 2471 374 2533 15.
408 2468 596 2534 Orationem
628 2471 716 2536 ducis
748 2478 877 2537 secutus
907 2473 1043 2536 militum
1072 2472 1162 2537 ardor

257 2575 445 2659 signumque
460 2596 587 2660 pugnae
604 2576 723 2641 datum.
748 2598 810 2640 nec
822 2575 986 2641 Arminius
1001 2581 1057 2640 aut
1069 2574 1162 2641 ceteri

259 2678 492 2742 Germanorum
522 2700 674 2764 proceres
707 2681 898 2746 omittebant
929 2702 1004 2747 suos
1033 2682 1162 2766 quisque

256 2783 376 2864 testari,
399 2783 458 2847 hos
481 2803 551 2848 esse
568 2784 732 2849 Romanos
747 2782 881 2849 Variani
899 2785 1060 2850 exercitus
1075 2785 1162 2867 fuga·

234 2888 416 2971 scissimos‚
446 2889 515 2974 qui,
544 2910 586 2953 ne
610 2888 731 2954 bellum
752 2890 945 2966 tolerarent,
975 2889 1161 2954 seditionem

256 2991 433 3074 induerint3
465 3011 600 3075 quorum
624 3013 697 3076 pars
722 2999 837 3056 onusta
858 2992 1044 3057 vulneribus
1066 2998 1162 3076 terga,

254 3119 328 3182 pars
356 3095 504 3161 fluctibus
534 3104 567 3160 et
596 3095 746 3180 procellis
775 3094 893 3160 fractos
923 3100 1010 3160 antus
1037 3093 1163 3160 infensis

255 3223 379 3267 rursum
401 3200 557 3282 hostibus,
579 3200 722 3264 adversis
747 3199 794 3264 dis
818 3199 967 3284 obiciant,
989 3201 1077 3264 nulla
1091 3195 1163 3263 boni

255 3328 323 3391 spe.
356 3305 490 3371 classem
512 3305 630 3390 quippe
655 3309 688 3368 et
709 3305 781 3369 avia
797 3302 918 3369 Oceani
934 3305 1088 3389 quaesita,
1109 3321 1162 3367 ne-

220 3410 326 3493 10quis
348 3407 551 3471 venientibus
575 3414 768 3490 occurreret,
793 3429 834 3473 ne
857 3411 968 3494 pulsos
989 3411 1162 3495 premeret:

258 3509 315 3574 sed
338 3508 391 3572 ubi
413 3508 598 3573 miscuerint
619 3531 741 3593 manus,
767 3512 861 3577 inane
885 3513 976 3576 victis
999 3519 1163 3579 ventorum
