2482 4014
196 304 251 361 192
511 302 760 344 oonnnunrnomr

194 467 273 531 tusis
288 465 468 530 Thraecum
492 464 546 548 qui
569 463 726 528 montium
749 463 783 526 in
806 462 901 530 editis
925 463 994 526 sine
1018 463 1105 526 cultu

195 578 291 657 atque
316 593 355 636 eo
379 570 520 634 ferocius
543 568 719 653 agitabant.
761 589 857 633 eausa
879 573 986 630 motus
1009 588 1106 651 super

174 676 362 741 thominum
387 675 554 758 ingenium
585 672 672 758 quod
701 673 769 758 pati
798 672 934 736 dilectus
963 677 997 736 et
1025 672 1106 735 vali-

196 779 363 844 dissimum
392 799 551 862 quemque
580 778 714 842 militiae
743 783 872 842 nostrae
898 776 974 840 dare
998 797 1108 860 asper·

194 886 352 951 nabantur
372 904 414 947 ne
440 883 571 967 regibus
594 882 726 967 quidem
748 901 863 967 parere
886 881 946 944 uisi
969 901 1012 944 ex
1034 880 1107 944 libi-

197 987 270 1053 dine
295 987 380 1051 soliti
398 992 463 1070 aut,
486 986 513 1050 si
528 986 694 1050 mitterent
709 985 839 1069 auxilia,
863 1005 938 1049 suos
955 983 1107 1049 ductores

195 1091 369 1176 praeficere
392 1111 453 1155 nec
475 1091 536 1154 nisi
559 1090 731 1159 adversum
754 1090 879 1154 aeneiae
901 1088 1106 1172 belligerare.

161 1213 186 1252 10
196 1217 233 1260 ac
255 1201 323 1260 tum
345 1215 454 1258 rumor
476 1193 652 1260 incesserat
674 1195 743 1260 fore
766 1201 803 1259 ut
825 1194 951 1259 disiecti
970 1193 1106 1278 aliisque

195 1297 379 1364 nationibus
396 1298 549 1382 permixti
567 1299 709 1363 diversas
724 1299 758 1362 in
773 1304 875 1362 terras
892 1297 1107 1362 traherentur.

195 1403 253 1468 sed
285 1407 457 1486 antequam
486 1424 573 1467 arma
601 1402 796 1488 inciperent,
830 1401 947 1467 misere
981 1402 1107 1486 legatos

152 1519 154 1524 '
195 1507 367 1572 amicitiam
404 1507 655 1591 obsequiumque
688 1512 922 1570 memoraturos
953 1511 987 1570 et
1018 1527 1108 1568 man·

195 1634 270 1678 sura
290 1612 381 1694 haec,
406 1611 432 1676 si
449 1612 538 1676 nullo
561 1631 647 1675 novo
664 1631 762 1676 onere
779 1615 1035 1695 temptarentur:
1059 1611 1109 1674 sin

161 1742 186 1780 15
195 1723 231 1780 ut
253 1716 346 1781 victis
371 1714 536 1780 servitium
559 1715 772 1798 indiceretur,
803 1735 874 1780 esse
905 1715 965 1779 sibi
988 1715 1109 1781 ferrum

197 1826 230 1884 et
251 1820 453 1884 iuventutem
476 1824 510 1882 et
532 1826 718 1903 promptum
732 1819 874 1883 libertati
893 1819 1006 1883 autad
1022 1841 1110 1884 mor·

196 1928 263 1987 tem
285 1922 435 1986 animum.
481 1921 576 1986 simul
598 1922 730 1987 castella
752 1922 884 2006 rupibus
907 1923 1010 1988 indita
1032 1945 1110 1988 eon·

196 2027 344 2111 latosque
373 2025 449 2090 illuc
479 2034 630 2111 parentes
660 2033 693 2092 et
722 2028 878 2112 coniuges
902 2029 1113 2093 ostentabant

196 2129 382 2214 bellumque
415 2131 607 2216 impeditum
629 2130 767 2194 arduum
789 2137 958 2195 cruentum
981 2131 1111 2197 minita-

163 2234 323 2300 rebantur.

262 2340 315 2401 47.
353 2337 399 2401 At
429 2339 586 2421 Sabinus,
619 2338 723 2404 donee
752 2339 914 2403 exercitus
944 2338 979 2404 in
1008 2361 1112 2406 unum

198 2439 410 2524 conduceret,
443 2441 525 2505 datis
556 2442 687 2507 mitibus
719 2441 897 2526 responsis,
936 2450 1112 2527 postquam

196 2546 397 2630 Pomponius
427 2546 538 2612 Labeo
572 2545 738 2612 eMoesia
769 2567 841 2610 cum
871 2547 1019 2629 legione,
1051 2569 1113 2613 rex

196 2650 446 2716 Rhoemetalces
470 2672 542 2715 cum
557 2652 685 2715 auxiliis
701 2652 915 2738 popularium,
940 2651 996 2735 qui
1010 2650 1113 2717 fidem

177 2777 262 2821 enen
283 2761 501 2838 mutaverant,
531 2777 668 2838 venere,
698 2755 809 2820 addita
830 2755 993 2839 praesenti
1018 2757 1114 2840 copia

196 2859 238 2924 ad
260 2859 389 2925 hostem
412 2859 518 2946 pergit
542 2860 757 2945 eompesitum
778 2861 922 2945 iamper
944 2862 1112 2943 angustias

197 2966 345 3029 saltuum.
391 2965 523 3050 quidam
554 2965 726 3031 audentius
758 2965 877 3049 apertis
908 2964 941 3028 in
973 2965 1112 3030 collibus

195 3069 395 3152 visebantur,
429 3090 509 3154 quos
542 3069 610 3136 dux
632 3068 798 3134 Romanus
827 3069 895 3135 aeie
919 3089 1113 3154 suggressus

195 3173 284 3238 haud
307 3194 404 3257 aegre
427 3173 553 3258 pepulit
576 3175 732 3258 sanguine
751 3174 961 3238 barbarorum
980 3174 1111 3240 modico

163 3277 238 3343 roob
262 3279 442 3362 propinqua
466 3279 614 3361 suffugia.
646 3299 724 3342 mox
748 3280 860 3343 eastris
883 3281 916 3344 in
931 3281 1005 3344 loeo
1022 3300 1112 3344 eom·

196 3381 327 3446 munitis
356 3381 464 3446 valida
489 3403 588 3447 mann
610 3388 753 3448 montem
779 3389 916 3466 occupat
938 3387 1112 3466 angustum

197 3491 230 3548 et
252 3485 379 3568 aequali
403 3484 498 3549 dorso
523 3487 710 3552 continuum
732 3507 835 3571 usque
858 3487 900 3551 ad
923 3487 1109 3572 proximum
