2444 4010
200 319 256 375 114
448 313 451 316 ’
528 325 666 366 connum
680 327 778 366 nncrrr

264 486 293 548 3.
325 482 472 548 Tiberius
490 488 586 568 atque
601 482 752 567 Augusta
766 483 896 569 publico
914 485 1112 567 abstinuero,

197 587 329 652 inferius
358 587 527 651 maiestate
554 587 631 666 rati,
662 587 689 651 si
718 587 825 672 palam
847 588 1113 670 lamentarentur,

198 714 237 760 an
267 713 308 756 ne
334 691 435 756 oculis
457 691 583 755 uultum
605 690 823 756 scrutantibus
844 692 916 756 falsi
939 691 1113 776 intellege-'

197 801 317 860 rentur.
368 803 504 859 matrem
533 793 710 884 Antoniam
746 816 813 861 non
844 797 931 881 apud
962 803 1112 862 auctores

177 920 314 981 ererum,
336 899 539 965 nondiuma
561 906 707 965 actorum
720 903 883 986 scriptura
897 901 1025 986 reperio
1042 902 1111 965 ullo

197 1005 315 1089 insigni
340 1003 444 1068 officio
468 1004 620 1087 functam,
645 1026 718 1070 cum
733 1027 830 1091 super
845 1005 1061 1091 Agrippinam
1078 1013 1112 1070 et

196 1111 338 1174 Drusum
362 1113 394 1173 ct
411 1108 581 1174 Claudiurn
605 1109 705 1174 ceteri
728 1131 857 1196 quoque
879 1111 1112 1194 consanguinei

96 1261 97 1264 ,
196 1214 387 1278 nominatim
416 1213 587 1298 perscripti
616 1213 693 1296 sint,
726 1235 784 1278 seu
806 1215 992 1280 valetudine
1015 1235 1112 1299 prae·

197 1309 397 1404 pediebatur,
416 1339 474 1384 seu
489 1319 592 1382 victus
607 1319 696 1384 luctu
713 1319 838 1383 animus
853 1319 1111 1402 magnitudinem

163 1444 188 1483 ιο
196 1423 273 1488 mali
302 1422 446 1506 perferre
469 1422 540 1486 risu
561 1443 628 1486 non
650 1424 812 1489 tolerarit.
857 1424 981 1488 facilius
1005 1424 1111 1489 credi-

197 1528 299 1608 derim
312 1527 442 1593 Tiberio
468 1533 500 1591 et
515 1526 673 1612 Augusta,
697 1528 752 1612 qui
776 1527 872 1594 domo
886 1549 952 1592 non
969 1529 1110 1594 excede·

195 1631 283 1714 bant,
307 1629 489 1712 cohibitam,
512 1635 549 1694 ut
563 1651 621 1715 par
636 1653 765 1697 maeror
781 1638 813 1696 ct
829 1633 939 1697 matris
955 1635 1109 1718 exemplo

196 1736 267 1800 avia
290 1756 415 1820 quoque
441 1741 474 1800 et
492 1741 624 1819 patruus
648 1737 777 1802 attineri
800 1737 997 1802 viderentur.

259 1844 291 1904 4.
321 1840 415 1921 Dies,
447 1860 510 1924 quo
543 1841 699 1924 reliquiae
732 1842 856 1906 tumulo
886 1840 1028 1925 Augusti
1060 1843 1109 1906 in-

194 1944 389 2026 ferebantur,
413 1943 510 2008 modo
527 1965 585 2028 per
601 1945 763 2009 silentium
777 1951 896 2029 vastus,
920 1945 1019 2010 modo
1038 1947 1110 2031 plo-

194 2049 315 2114 ratibus
337 2049 479 2133 inquies;
509 2048 606 2133 plena
628 2049 717 2114 urbis
739 2050 872 2135 itinera,
900 2052 1111 2116 conlucentes

195 2175 253 2239 per
275 2174 422 2238 campum
445 2153 558 2217 Martis
580 2151 677 2216 faces.
711 2153 776 2218 illic
798 2154 890 2220 miles
912 2176 985 2219 cum
1001 2155 1110 2238 armis,

174 2260 263 2323 asine
292 2257 471 2342 insignibus
501 2257 722 2342 magistratus,
752 2258 891 2342 populus
918 2279 976 2342 per
1005 2259 1110 2323 tribus

196 2362 373 2428 concidisse
388 2362 639 2447 rempublicam,
653 2363 734 2426 nihil
745 2363 815 2446 spei
826 2363 985 2447 reliquum
999 2362 1112 2426 clami-

195 2469 315 2551 tabant,
337 2467 517 2551 promptius
539 2467 745 2551 apertiusque
762 2488 858 2551 quam
873 2472 909 2530 ut
923 2466 1110 2532 meminisse

194 2572 446 2657 imperitantium
482 2569 640 2635 crederes.
692 2570 773 2634 nihil
805 2575 915 2635 tamen
941 2569 1111 2634 Tiberium

194 2675 297 2760 magis
325 2674 506 2759 penetrarit
536 2695 631 2758 quam
653 2674 760 2739 studia
781 2675 949 2739 hominum
971 2695 1112 2739 accensa

160 2808 185 2849 ιο
194 2781 227 2844 in
243 2777 466 2863 Agrippinam,
489 2797 562 2842 cum
578 2777 676 2842 decus
689 2778 823 2862 patriae,
848 2780 952 2843 solum
966 2777 1112 2863 Augusti

194 2885 394 2969 sanguinem,
416 2883 546 2948 unicum
569 2883 766 2966 antiquitatis
782 2882 948 2966 specimen
962 2883 1110 2966 appalla-

194 2995 267 3055 rcnt
297 2989 446 3074 versique
480 2987 521 3052 ad
552 2987 676 3053 caelum
705 3008 742 3053 ac
773 2987 852 3052 deos
875 2987 1036 3071 integram
1058 2988 1110 3052 illi

195 3094 341 3159 subolem
364 3115 401 3158 ac
424 3094 630 3177 superstitem
652 3093 835 3178 iniquomm
857 3099 1078 3177 precarentur.

260 3198 290 3260 5.
322 3197 429 3261 Fuere
458 3197 512 3283 qui
535 3196 656 3282 publici
677 3197 799 3261 funeris
822 3217 975 3282 pompam
997 3199 1111 3282 requi·

194 3307 303 3368 rerent
333 3307 618 3387 compararentque
650 3322 732 3385 quae
761 3301 794 3365 in
816 3300 958 3365 Drusum
979 3307 1112 3384 patrem

197 3405 380 3470 Germanioi
402 3405 527 3471 honora
550 3411 583 3470 ct
597 3406 767 3488 magnifica
781 3403 949 3488 Augustus
964 3405 1111 3472 fecisset.

195 3508 300 3592 ipsum
329 3509 447 3592 quippe
476 3510 652 3593 asperrimo
681 3509 797 3574 hiemis
826 3508 974 3573 Ticinum
1002 3531 1111 3595 usqua
