<?xml version="1.0" encoding="UTF-8"?>
<!DOCTYPE html PUBLIC "-//W3C//DTD XHTML 1.0 Transitional//EN"
    "http://www.w3.org/TR/xhtml1/DTD/xhtml1-transitional.dtd">
<html xmlns="http://www.w3.org/1999/xhtml" xml:lang="en" lang="en">
 <head>
  <title>
</title>
<meta http-equiv="Content-Type" content="text/html;charset=utf-8" />
  <meta name='ocr-system' content='tesseract 3.04.00' />
  <meta name='ocr-capabilities' content='ocr_page ocr_carea ocr_par ocr_line ocrx_word'/>
</head>
<body>
  <div class='ocr_page' id='page_1' title='image "./annalen01tacigoog_0196.png"; bbox 0 0 2444 4010; ppageno 0'>
   <div class='ocr_carea' id='block_1_1' title="bbox 305 369 1030 426">
    <p class='ocr_par' dir='ltr' id='par_1_1' title="bbox 305 369 1030 426">
     <span class='ocr_line' id='line_1_1' title="bbox 305 369 1030 426; baseline -0.006 -10"><span class='ocrx_word' id='word_1_1' title='bbox 305 377 342 416; x_wconf 78' lang='lat' dir='ltr'>sn</span> <span class='ocrx_word' id='word_1_2' title='bbox 356 375 482 416; x_wconf 83' lang='lat' dir='ltr'>nxcnsso</span> <span class='ocrx_word' id='word_1_3' title='bbox 495 375 560 414; x_wconf 84' lang='lat' dir='ltr'>nrvr</span> <span class='ocrx_word' id='word_1_4' title='bbox 573 375 700 416; x_wconf 80' lang='lat' dir='ltr'>suoosrr</span> <span class='ocrx_word' id='word_1_5' title='bbox 714 374 745 414; x_wconf 86' lang='lat' dir='ltr'>1v</span> <span class='ocrx_word' id='word_1_6' title='bbox 759 375 843 414; x_wconf 75' lang='lat' dir='ltr'>aa-as.</span> <span class='ocrx_word' id='word_1_7' title='bbox 975 369 1030 426; x_wconf 73' lang='lat'>133</span> 
     </span>
    </p>
   </div>
   <div class='ocr_carea' id='block_1_2' title="bbox 75 529 1112 3536">
    <p class='ocr_par' dir='ltr' id='par_1_2' title="bbox 75 529 1112 3536">
     <span class='ocr_line' id='line_1_2' title="bbox 116 529 1030 616; baseline 0.003 -20"><span class='ocrx_word' id='word_1_8' title='bbox 116 529 222 597; x_wconf 84' lang='lat' dir='ltr'>Asinii</span> <span class='ocrx_word' id='word_1_9' title='bbox 244 532 400 597; x_wconf 90' lang='lat' dir='ltr'>Pollionis</span> <span class='ocrx_word' id='word_1_10' title='bbox 430 532 549 616; x_wconf 88' lang='lat' dir='ltr'>scripta</span> <span class='ocrx_word' id='word_1_11' title='bbox 574 533 739 616; x_wconf 81' lang='lat' dir='ltr'>egregiam</span> <span class='ocrx_word' id='word_1_12' title='bbox 763 531 940 597; x_wconf 91' lang='lat' dir='ltr'>eorundem</span> <span class='ocrx_word' id='word_1_13' title='bbox 962 555 1030 599; x_wconf 91' lang='lat' dir='ltr'>me·</span> 
     </span>
     <span class='ocr_line' id='line_1_3' title="bbox 117 635 1030 721; baseline 0.003 -21"><span class='ocrx_word' id='word_1_14' title='bbox 117 638 253 700; x_wconf 88' lang='lat' dir='ltr'>moriam</span> <span class='ocrx_word' id='word_1_15' title='bbox 276 637 425 718; x_wconf 82' lang='lat' dir='ltr'>tradunt3</span> <span class='ocrx_word' id='word_1_16' title='bbox 448 635 599 700; x_wconf 81' lang='lat' dir='ltr'>Messalla</span> <span class='ocrx_word' id='word_1_17' title='bbox 622 635 780 700; x_wconf 77' lang='lat' dir='ltr'>Corvinus</span> <span class='ocrx_word' id='word_1_18' title='bbox 803 637 1030 721; x_wconf 78' lang='lat' dir='ltr'>imperatorem</span> 
     </span>
     <span class='ocr_line' id='line_1_4' title="bbox 117 739 1031 828; baseline 0.004 -24"><span class='ocrx_word' id='word_1_19' title='bbox 117 761 210 805; x_wconf 88' lang='lat' dir='ltr'>suum</span> <span class='ocrx_word' id='word_1_20' title='bbox 244 739 390 805; x_wconf 79' lang='lat' dir='ltr'>Cassium</span> <span class='ocrx_word' id='word_1_21' title='bbox 422 739 646 825; x_wconf 86' lang='lat' dir='ltr'>praedicabat:</span> <span class='ocrx_word' id='word_1_22' title='bbox 681 744 714 804; x_wconf 89' lang='lat' dir='ltr'>et</span> <span class='ocrx_word' id='word_1_23' title='bbox 746 746 881 826; x_wconf 87' lang='lat' dir='ltr'>uterque</span> <span class='ocrx_word' id='word_1_24' title='bbox 917 744 1031 828; x_wconf 89' lang='lat' dir='ltr'>opibus</span> 
     </span>
     <span class='ocr_line' id='line_1_5' title="bbox 116 843 1066 931; baseline -0.005 -23"><span class='ocrx_word' id='word_1_25' title='bbox 116 844 293 908; x_wconf 84' lang='lat' dir='ltr'>honoribus</span> <span class='ocrx_word' id='word_1_26' title='bbox 313 844 515 928; x_wconf 87' lang='lat' dir='ltr'>perviguere.</span> <span class='ocrx_word' id='word_1_27' title='bbox 553 843 653 907; x_wconf 91' lang='lat' dir='ltr'>Marci</span> <span class='ocrx_word' id='word_1_28' title='bbox 670 843 835 908; x_wconf 79' lang='lat' dir='ltr'>Ciceronis</span> <span class='ocrx_word' id='word_1_29' title='bbox 850 845 942 929; x_wconf 92' lang='lat' dir='ltr'>libro,</span> <span class='ocrx_word' id='word_1_30' title='bbox 966 868 1029 931; x_wconf 90' lang='lat' dir='ltr'>quo</span> <span class='ocrx_word' id='word_1_31' title='bbox 1041 867 1066 904; x_wconf 77' lang='lat' dir='ltr'>aa</span> 
     </span>
     <span class='ocr_line' id='line_1_6' title="bbox 118 947 1030 1032; baseline 0.003 -20"><span class='ocrx_word' id='word_1_32' title='bbox 118 948 277 1012; x_wconf 77' lang='lat' dir='ltr'>Catonem</span> <span class='ocrx_word' id='word_1_33' title='bbox 300 948 389 1012; x_wconf 89' lang='lat' dir='ltr'>caelo</span> <span class='ocrx_word' id='word_1_34' title='bbox 414 948 574 1031; x_wconf 84' lang='lat' dir='ltr'>aequavit,</span> <span class='ocrx_word' id='word_1_35' title='bbox 598 947 674 1032; x_wconf 90' lang='lat' dir='ltr'>quid</span> <span class='ocrx_word' id='word_1_36' title='bbox 692 947 780 1012; x_wconf 86' lang='lat' dir='ltr'>aliud</span> <span class='ocrx_word' id='word_1_37' title='bbox 795 948 932 1014; x_wconf 85' lang='lat' dir='ltr'>dictator</span> <span class='ocrx_word' id='word_1_38' title='bbox 950 951 1030 1015; x_wconf 84' lang='lat' dir='ltr'>an-</span> 
     </span>
     <span class='ocr_line' id='line_1_7' title="bbox 117 1051 1031 1138; baseline 0.001 -21"><span class='ocrx_word' id='word_1_39' title='bbox 117 1074 169 1117; x_wconf 89' lang='lat' dir='ltr'>sar</span> <span class='ocrx_word' id='word_1_40' title='bbox 195 1074 290 1138; x_wconf 85' lang='lat' dir='ltr'>quam</span> <span class='ocrx_word' id='word_1_41' title='bbox 314 1052 469 1136; x_wconf 86' lang='lat' dir='ltr'>rescripta</span> <span class='ocrx_word' id='word_1_42' title='bbox 492 1051 651 1133; x_wconf 84' lang='lat' dir='ltr'>oratione,</span> <span class='ocrx_word' id='word_1_43' title='bbox 678 1051 768 1116; x_wconf 83' lang='lat' dir='ltr'>velut</span> <span class='ocrx_word' id='word_1_44' title='bbox 790 1054 876 1138; x_wconf 89' lang='lat' dir='ltr'>apud</span> <span class='ocrx_word' id='word_1_45' title='bbox 898 1053 1031 1137; x_wconf 90' lang='lat' dir='ltr'>iudices,</span> 
     </span>
     <span class='ocr_line' id='line_1_8' title="bbox 115 1155 1032 1242; baseline 0.002 -22"><span class='ocrx_word' id='word_1_46' title='bbox 115 1156 308 1242; x_wconf 77' lang='lat' dir='ltr'>respondit?</span> <span class='ocrx_word' id='word_1_47' title='bbox 331 1155 466 1220; x_wconf 85' lang='lat' dir='ltr'>Antonii</span> <span class='ocrx_word' id='word_1_48' title='bbox 482 1156 649 1242; x_wconf 83' lang='lat' dir='ltr'>epistulae,</span> <span class='ocrx_word' id='word_1_49' title='bbox 665 1155 757 1220; x_wconf 89' lang='lat' dir='ltr'>Bruti</span> <span class='ocrx_word' id='word_1_50' title='bbox 774 1157 941 1222; x_wconf 87' lang='lat' dir='ltr'>contiones</span> <span class='ocrx_word' id='word_1_51' title='bbox 953 1158 1032 1222; x_wconf 89' lang='lat' dir='ltr'>falsa</span> 
     </span>
     <span class='ocr_line' id='line_1_9' title="bbox 117 1258 1031 1346; baseline 0.001 -22"><span class='ocrx_word' id='word_1_52' title='bbox 117 1259 279 1346; x_wconf 84' lang='lat' dir='ltr'>quaedem</span> <span class='ocrx_word' id='word_1_53' title='bbox 301 1261 333 1324; x_wconf 93' lang='lat' dir='ltr'>in</span> <span class='ocrx_word' id='word_1_54' title='bbox 348 1258 534 1342; x_wconf 88' lang='lat' dir='ltr'>Augustum</span> <span class='ocrx_word' id='word_1_55' title='bbox 556 1259 675 1343; x_wconf 87' lang='lat' dir='ltr'>probra</span> <span class='ocrx_word' id='word_1_56' title='bbox 691 1265 723 1323; x_wconf 91' lang='lat' dir='ltr'>et</span> <span class='ocrx_word' id='word_1_57' title='bbox 737 1261 839 1324; x_wconf 86' lang='lat' dir='ltr'>multa</span> <span class='ocrx_word' id='word_1_58' title='bbox 853 1282 926 1325; x_wconf 91' lang='lat' dir='ltr'>oum</span> <span class='ocrx_word' id='word_1_59' title='bbox 942 1283 1031 1326; x_wconf 91' lang='lat' dir='ltr'>acer·</span> 
     </span>
     <span class='ocr_line' id='line_1_10' title="bbox 115 1363 1068 1445; baseline 0.001 -16"><span class='ocrx_word' id='word_1_60' title='bbox 115 1366 217 1430; x_wconf 87' lang='lat' dir='ltr'>bitate</span> <span class='ocrx_word' id='word_1_61' title='bbox 240 1363 376 1445; x_wconf 83' lang='lat' dir='ltr'>habent3</span> <span class='ocrx_word' id='word_1_62' title='bbox 401 1364 541 1428; x_wconf 89' lang='lat' dir='ltr'>carmina</span> <span class='ocrx_word' id='word_1_63' title='bbox 555 1364 703 1429; x_wconf 80' lang='lat' dir='ltr'>Bibaculi</span> <span class='ocrx_word' id='word_1_64' title='bbox 725 1371 758 1428; x_wconf 89' lang='lat' dir='ltr'>et</span> <span class='ocrx_word' id='word_1_65' title='bbox 775 1365 892 1430; x_wconf 76' lang='lat' dir='ltr'>Catulli</span> <span class='ocrx_word' id='word_1_66' title='bbox 914 1367 1032 1432; x_wconf 82' lang='lat' dir='ltr'>referta</span> <span class='ocrx_word' id='word_1_67' title='bbox 1043 1392 1068 1430; x_wconf 83' lang='lat' dir='ltr'>so</span> 
     </span>
     <span class='ocr_line' id='line_1_11' title="bbox 118 1468 1112 1555; baseline 0.001 -22"><span class='ocrx_word' id='word_1_68' title='bbox 118 1468 320 1533; x_wconf 89' lang='lat' dir='ltr'>contumeliis</span> <span class='ocrx_word' id='word_1_69' title='bbox 352 1468 526 1532; x_wconf 78' lang='lat' dir='ltr'>Caesarum</span> <span class='ocrx_word' id='word_1_70' title='bbox 554 1469 721 1552; x_wconf 88' lang='lat' dir='ltr'>leguntur:</span> <span class='ocrx_word' id='word_1_71' title='bbox 753 1469 811 1534; x_wconf 91' lang='lat' dir='ltr'>sed</span> <span class='ocrx_word' id='word_1_72' title='bbox 839 1471 909 1555; x_wconf 90' lang='lat' dir='ltr'>ipse</span> <span class='ocrx_word' id='word_1_73' title='bbox 940 1471 1032 1536; x_wconf 88' lang='lat' dir='ltr'>divus</span> <span class='ocrx_word' id='word_1_74' title='bbox 1109 1480 1112 1487; x_wconf 85' lang='lat'>&#39;</span> 
     </span>
     <span class='ocr_line' id='line_1_12' title="bbox 116 1572 1032 1658; baseline 0.002 -22"><span class='ocrx_word' id='word_1_75' title='bbox 116 1573 229 1656; x_wconf 85' lang='lat' dir='ltr'>Iulius,</span> <span class='ocrx_word' id='word_1_76' title='bbox 252 1573 322 1658; x_wconf 91' lang='lat' dir='ltr'>ipse</span> <span class='ocrx_word' id='word_1_77' title='bbox 337 1573 429 1638; x_wconf 83' lang='lat' dir='ltr'>divus</span> <span class='ocrx_word' id='word_1_78' title='bbox 444 1572 612 1658; x_wconf 83' lang='lat' dir='ltr'>Augustus</span> <span class='ocrx_word' id='word_1_79' title='bbox 636 1580 670 1638; x_wconf 90' lang='lat' dir='ltr'>et</span> <span class='ocrx_word' id='word_1_80' title='bbox 691 1574 795 1638; x_wconf 87' lang='lat' dir='ltr'>tulere</span> <span class='ocrx_word' id='word_1_81' title='bbox 818 1575 880 1638; x_wconf 88' lang='lat' dir='ltr'>ista</span> <span class='ocrx_word' id='word_1_82' title='bbox 902 1581 936 1638; x_wconf 92' lang='lat' dir='ltr'>et</span> <span class='ocrx_word' id='word_1_83' title='bbox 957 1576 1032 1640; x_wconf 89' lang='lat' dir='ltr'>reli-</span> 
     </span>
     <span class='ocr_line' id='line_1_13' title="bbox 118 1675 1032 1762; baseline 0.002 -22"><span class='ocrx_word' id='word_1_84' title='bbox 118 1698 228 1761; x_wconf 89' lang='lat' dir='ltr'>quere,</span> <span class='ocrx_word' id='word_1_85' title='bbox 250 1677 337 1740; x_wconf 88' lang='lat' dir='ltr'>haud</span> <span class='ocrx_word' id='word_1_86' title='bbox 355 1677 448 1740; x_wconf 89' lang='lat' dir='ltr'>facile</span> <span class='ocrx_word' id='word_1_87' title='bbox 465 1676 604 1742; x_wconf 86' lang='lat' dir='ltr'>dixerim</span> <span class='ocrx_word' id='word_1_88' title='bbox 625 1675 849 1742; x_wconf 86' lang='lat' dir='ltr'>moderatione</span> <span class='ocrx_word' id='word_1_89' title='bbox 872 1679 975 1762; x_wconf 91' lang='lat' dir='ltr'>magis</span> <span class='ocrx_word' id='word_1_90' title='bbox 992 1701 1032 1743; x_wconf 89' lang='lat' dir='ltr'>an</span> 
     </span>
     <span class='ocr_line' id='line_1_14' title="bbox 117 1782 1032 1866; baseline 0.003 -22"><span class='ocrx_word' id='word_1_91' title='bbox 117 1782 285 1866; x_wconf 86' lang='lat' dir='ltr'>sapientia.</span> <span class='ocrx_word' id='word_1_92' title='bbox 325 1803 461 1866; x_wconf 89' lang='lat' dir='ltr'>namque</span> <span class='ocrx_word' id='word_1_93' title='bbox 486 1788 594 1866; x_wconf 87' lang='lat' dir='ltr'>spreta</span> <span class='ocrx_word' id='word_1_94' title='bbox 612 1783 817 1846; x_wconf 85' lang='lat' dir='ltr'>exolescunt:</span> <span class='ocrx_word' id='word_1_95' title='bbox 842 1782 868 1845; x_wconf 90' lang='lat' dir='ltr'>si</span> <span class='ocrx_word' id='word_1_96' title='bbox 884 1782 1032 1864; x_wconf 83' lang='lat' dir='ltr'>irascare,</span> 
     </span>
     <span class='ocr_line' id='line_1_15' title="bbox 117 1879 1068 1972; baseline -0.003 -22"><span class='ocrx_word' id='word_1_97' title='bbox 117 1887 250 1972; x_wconf 85' lang='lat' dir='ltr'>adgnita</span> <span class='ocrx_word' id='word_1_98' title='bbox 273 1883 445 1951; x_wconf 65' lang='lat' dir='ltr'>videntur!</span> <span class='ocrx_word' id='word_1_99' title='bbox 776 1879 778 1886; x_wconf 68' lang='grc'><strong>’</strong></span> <span class='ocrx_word' id='word_1_100' title='bbox 1042 1910 1068 1948; x_wconf 78' lang='lat' dir='ltr'>aa</span> 
     </span>
     <span class='ocr_line' id='line_1_16' title="bbox 181 1977 1030 2076; baseline -0.002 -21"><span class='ocrx_word' id='word_1_101' title='bbox 181 1977 236 2055; x_wconf 67' lang='lat'>35.</span> <span class='ocrx_word' id='word_1_102' title='bbox 269 1992 354 2076; x_wconf 90' lang='lat' dir='ltr'>,Non</span> <span class='ocrx_word' id='word_1_103' title='bbox 376 1991 499 2074; x_wconf 90' lang='lat' dir='ltr'>attingo</span> <span class='ocrx_word' id='word_1_104' title='bbox 524 1989 675 2073; x_wconf 79' lang='lat' dir='ltr'>Graecos,</span> <span class='ocrx_word' id='word_1_105' title='bbox 699 2011 837 2075; x_wconf 90' lang='lat' dir='ltr'>quorum</span> <span class='ocrx_word' id='word_1_106' title='bbox 851 2010 917 2053; x_wconf 91' lang='lat' dir='ltr'>non</span> <span class='ocrx_word' id='word_1_107' title='bbox 933 1990 1030 2053; x_wconf 91' lang='lat' dir='ltr'>modo</span> 
     </span>
     <span class='ocr_line' id='line_1_17' title="bbox 116 2094 1031 2181; baseline -0.002 -22"><span class='ocrx_word' id='word_1_108' title='bbox 116 2096 268 2178; x_wconf 87' lang='lat' dir='ltr'>libertas,</span> <span class='ocrx_word' id='word_1_109' title='bbox 298 2096 394 2161; x_wconf 89' lang='lat' dir='ltr'>etiam</span> <span class='ocrx_word' id='word_1_110' title='bbox 422 2095 522 2159; x_wconf 92' lang='lat' dir='ltr'>libido</span> <span class='ocrx_word' id='word_1_111' title='bbox 550 2095 723 2181; x_wconf 75' lang='lat' dir='ltr'>impunita,</span> <span class='ocrx_word' id='word_1_112' title='bbox 762 2100 817 2158; x_wconf 90' lang='lat' dir='ltr'>aut</span> <span class='ocrx_word' id='word_1_113' title='bbox 846 2095 944 2179; x_wconf 89' lang='lat' dir='ltr'>siquis</span> <span class='ocrx_word' id='word_1_114' title='bbox 975 2094 1031 2158; x_wconf 86' lang='lat' dir='ltr'>ad-</span> 
     </span>
     <span class='ocr_line' id='line_1_18' title="bbox 116 2198 1033 2281; baseline -0.003 -16"><span class='ocrx_word' id='word_1_115' title='bbox 116 2199 226 2281; x_wconf 76' lang='lat' dir='ltr'>vertit,</span> <span class='ocrx_word' id='word_1_116' title='bbox 250 2198 343 2265; x_wconf 88' lang='lat' dir='ltr'>dictis</span> <span class='ocrx_word' id='word_1_117' title='bbox 360 2199 446 2263; x_wconf 88' lang='lat' dir='ltr'>dicta</span> <span class='ocrx_word' id='word_1_118' title='bbox 461 2201 546 2264; x_wconf 86' lang='lat' dir='ltr'>ultus</span> <span class='ocrx_word' id='word_1_119' title='bbox 563 2207 621 2264; x_wconf 88' lang='lat' dir='ltr'>est.</span> <span class='ocrx_word' id='word_1_120' title='bbox 660 2200 718 2264; x_wconf 87' lang='lat' dir='ltr'>sed</span> <span class='ocrx_word' id='word_1_121' title='bbox 734 2201 874 2264; x_wconf 83' lang='lat' dir='ltr'>maxime</span> <span class='ocrx_word' id='word_1_122' title='bbox 892 2201 1033 2263; x_wconf 88' lang='lat' dir='ltr'>solutum</span> 
     </span>
     <span class='ocr_line' id='line_1_19' title="bbox 117 2304 1032 2390; baseline 0 -21"><span class='ocrx_word' id='word_1_123' title='bbox 117 2311 151 2369; x_wconf 89' lang='lat' dir='ltr'>et</span> <span class='ocrx_word' id='word_1_124' title='bbox 184 2305 251 2368; x_wconf 89' lang='lat' dir='ltr'>sine</span> <span class='ocrx_word' id='word_1_125' title='bbox 285 2306 500 2369; x_wconf 81' lang='lat' dir='ltr'>obtrectatore</span> <span class='ocrx_word' id='word_1_126' title='bbox 532 2304 592 2368; x_wconf 89' lang='lat' dir='ltr'>fuit</span> <span class='ocrx_word' id='word_1_127' title='bbox 623 2305 763 2390; x_wconf 89' lang='lat' dir='ltr'>prodere</span> <span class='ocrx_word' id='word_1_128' title='bbox 793 2305 834 2368; x_wconf 93' lang='lat' dir='ltr'>de</span> <span class='ocrx_word' id='word_1_129' title='bbox 864 2305 919 2388; x_wconf 88' lang='lat' dir='ltr'>iis,</span> <span class='ocrx_word' id='word_1_130' title='bbox 952 2325 1032 2388; x_wconf 92' lang='lat' dir='ltr'>quos</span> 
     </span>
     <span class='ocr_line' id='line_1_20' title="bbox 116 2408 1055 2492; baseline 0.002 -22"><span class='ocrx_word' id='word_1_131' title='bbox 116 2428 205 2471; x_wconf 92' lang='lat' dir='ltr'>mors</span> <span class='ocrx_word' id='word_1_132' title='bbox 229 2408 304 2473; x_wconf 92' lang='lat' dir='ltr'>odio</span> <span class='ocrx_word' id='word_1_133' title='bbox 329 2414 383 2471; x_wconf 88' lang='lat' dir='ltr'>aut</span> <span class='ocrx_word' id='word_1_134' title='bbox 404 2409 527 2492; x_wconf 88' lang='lat' dir='ltr'>gratiae</span> <span class='ocrx_word' id='word_1_135' title='bbox 552 2411 735 2473; x_wconf 86' lang='lat' dir='ltr'>exemisset.</span> <span class='ocrx_word' id='word_1_136' title='bbox 775 2429 853 2472; x_wconf 92' lang='lat' dir='ltr'>num</span> <span class='ocrx_word' id='word_1_137' title='bbox 876 2409 961 2472; x_wconf 90' lang='lat' dir='ltr'>enim</span> <span class='ocrx_word' id='word_1_138' title='bbox 984 2429 1055 2472; x_wconf 69' lang='lat' dir='ltr'>ans</span> 
     </span>
     <span class='ocr_line' id='line_1_21' title="bbox 116 2510 1033 2598; baseline 0.001 -23"><span class='ocrx_word' id='word_1_139' title='bbox 116 2513 213 2575; x_wconf 90' lang='lat' dir='ltr'>matis</span> <span class='ocrx_word' id='word_1_140' title='bbox 244 2510 353 2576; x_wconf 86' lang='lat' dir='ltr'>Oassio</span> <span class='ocrx_word' id='word_1_141' title='bbox 387 2519 420 2576; x_wconf 86' lang='lat' dir='ltr'>et</span> <span class='ocrx_word' id='word_1_142' title='bbox 447 2512 548 2578; x_wconf 89' lang='lat' dir='ltr'>Bruto</span> <span class='ocrx_word' id='word_1_143' title='bbox 580 2533 617 2576; x_wconf 83' lang='lat' dir='ltr'>ac</span> <span class='ocrx_word' id='word_1_144' title='bbox 646 2513 872 2598; x_wconf 88' lang='lat' dir='ltr'>Philippenses</span> <span class='ocrx_word' id='word_1_145' title='bbox 902 2533 1033 2598; x_wconf 86' lang='lat' dir='ltr'>campos</span> 
     </span>
     <span class='ocr_line' id='line_1_22' title="bbox 117 2615 1033 2701; baseline 0.003 -23"><span class='ocrx_word' id='word_1_146' title='bbox 117 2615 339 2700; x_wconf 89' lang='lat' dir='ltr'>optinentibus</span> <span class='ocrx_word' id='word_1_147' title='bbox 361 2617 518 2700; x_wconf 91' lang='lat' dir='ltr'>populum</span> <span class='ocrx_word' id='word_1_148' title='bbox 540 2638 598 2701; x_wconf 94' lang='lat' dir='ltr'>per</span> <span class='ocrx_word' id='word_1_149' title='bbox 620 2618 786 2683; x_wconf 85' lang='lat' dir='ltr'>contiones</span> <span class='ocrx_word' id='word_1_150' title='bbox 801 2617 965 2682; x_wconf 83' lang='lat' dir='ltr'>incendo?</span> <span class='ocrx_word' id='word_1_151' title='bbox 993 2639 1033 2681; x_wconf 87' lang='lat' dir='ltr'>an</span> 
     </span>
     <span class='ocr_line' id='line_1_23' title="bbox 75 2719 1032 2806; baseline 0.003 -24"><span class='ocrx_word' id='word_1_152' title='bbox 75 2751 77 2756; x_wconf 96' lang='lat'>·</span> <span class='ocrx_word' id='word_1_153' title='bbox 116 2719 165 2782; x_wconf 91' lang='lat' dir='ltr'>illi</span> <span class='ocrx_word' id='word_1_154' title='bbox 180 2719 311 2803; x_wconf 91' lang='lat' dir='ltr'>quidem</span> <span class='ocrx_word' id='word_1_155' title='bbox 328 2721 622 2805; x_wconf 88' lang='lat' dir='ltr'>septuagensimum</span> <span class='ocrx_word' id='word_1_156' title='bbox 639 2729 713 2784; x_wconf 87' lang='lat' dir='ltr'>ante</span> <span class='ocrx_word' id='word_1_157' title='bbox 729 2741 846 2785; x_wconf 86' lang='lat' dir='ltr'>annum</span> <span class='ocrx_word' id='word_1_158' title='bbox 863 2722 1032 2806; x_wconf 81' lang='lat' dir='ltr'>perempti,</span> 
     </span>
     <span class='ocr_line' id='line_1_24' title="bbox 117 2822 1032 2910; baseline 0.003 -24"><span class='ocrx_word' id='word_1_159' title='bbox 117 2842 182 2906; x_wconf 90' lang='lat' dir='ltr'>quo</span> <span class='ocrx_word' id='word_1_160' title='bbox 214 2822 311 2887; x_wconf 91' lang='lat' dir='ltr'>modo</span> <span class='ocrx_word' id='word_1_161' title='bbox 343 2825 535 2907; x_wconf 91' lang='lat' dir='ltr'>imaginibus</span> <span class='ocrx_word' id='word_1_162' title='bbox 567 2825 632 2888; x_wconf 87' lang='lat' dir='ltr'>suis</span> <span class='ocrx_word' id='word_1_163' title='bbox 662 2831 852 2905; x_wconf 87' lang='lat' dir='ltr'>noscuntur,</span> <span class='ocrx_word' id='word_1_164' title='bbox 885 2846 964 2910; x_wconf 89' lang='lat' dir='ltr'>quas</span> <span class='ocrx_word' id='word_1_165' title='bbox 991 2846 1032 2890; x_wconf 90' lang='lat' dir='ltr'>ne</span> 
     </span>
     <span class='ocr_line' id='line_1_25' title="bbox 116 2929 1068 3015; baseline -0.004 -23"><span class='ocrx_word' id='word_1_166' title='bbox 116 2929 222 2992; x_wconf 83' lang='lat' dir='ltr'>victor</span> <span class='ocrx_word' id='word_1_167' title='bbox 238 2929 366 3014; x_wconf 90' lang='lat' dir='ltr'>quidem</span> <span class='ocrx_word' id='word_1_168' title='bbox 384 2929 535 3012; x_wconf 89' lang='lat' dir='ltr'>abolevit,</span> <span class='ocrx_word' id='word_1_169' title='bbox 552 2930 598 2992; x_wconf 90' lang='lat' dir='ltr'>sio</span> <span class='ocrx_word' id='word_1_170' title='bbox 613 2935 738 3015; x_wconf 88' lang='lat' dir='ltr'>partem</span> <span class='ocrx_word' id='word_1_171' title='bbox 753 2931 931 2994; x_wconf 88' lang='lat' dir='ltr'>memoriae</span> <span class='ocrx_word' id='word_1_172' title='bbox 947 2929 1032 3014; x_wconf 88' lang='lat' dir='ltr'>apud</span> <span class='ocrx_word' id='word_1_173' title='bbox 1044 2950 1068 2988; x_wconf 91' lang='lat'>10</span> 
     </span>
     <span class='ocr_line' id='line_1_26' title="bbox 117 3033 1033 3119; baseline 0 -23"><span class='ocrx_word' id='word_1_174' title='bbox 117 3033 291 3117; x_wconf 79' lang='lat' dir='ltr'>scriptores</span> <span class='ocrx_word' id='word_1_175' title='bbox 314 3033 475 3098; x_wconf 81' lang='lat' dir='ltr'>retinent?</span> <span class='ocrx_word' id='word_1_176' title='bbox 499 3055 591 3098; x_wconf 90' lang='lat' dir='ltr'>suum</span> <span class='ocrx_word' id='word_1_177' title='bbox 614 3035 729 3119; x_wconf 88' lang='lat' dir='ltr'>cuique</span> <span class='ocrx_word' id='word_1_178' title='bbox 747 3033 844 3098; x_wconf 89' lang='lat' dir='ltr'>decus</span> <span class='ocrx_word' id='word_1_179' title='bbox 860 3035 1033 3118; x_wconf 86' lang='lat' dir='ltr'>posteritas</span> 
     </span>
     <span class='ocr_line' id='line_1_27' title="bbox 117 3136 1033 3221; baseline -0.002 -19"><span class='ocrx_word' id='word_1_180' title='bbox 117 3136 285 3221; x_wconf 79' lang='lat' dir='ltr'>rependit3</span> <span class='ocrx_word' id='word_1_181' title='bbox 314 3157 374 3201; x_wconf 91' lang='lat' dir='ltr'>neo</span> <span class='ocrx_word' id='word_1_182' title='bbox 400 3136 552 3220; x_wconf 87' lang='lat' dir='ltr'>deerunt,</span> <span class='ocrx_word' id='word_1_183' title='bbox 583 3138 610 3201; x_wconf 94' lang='lat' dir='ltr'>si</span> <span class='ocrx_word' id='word_1_184' title='bbox 634 3136 796 3202; x_wconf 88' lang='lat' dir='ltr'>damnatio</span> <span class='ocrx_word' id='word_1_185' title='bbox 820 3138 955 3221; x_wconf 85' lang='lat' dir='ltr'>ingruit,</span> <span class='ocrx_word' id='word_1_186' title='bbox 979 3138 1033 3221; x_wconf 91' lang='lat' dir='ltr'>qui</span> 
     </span>
     <span class='ocr_line' id='line_1_28' title="bbox 117 3240 1034 3308; baseline 0 -1"><span class='ocrx_word' id='word_1_187' title='bbox 117 3262 185 3307; x_wconf 93' lang='lat' dir='ltr'>non</span> <span class='ocrx_word' id='word_1_188' title='bbox 208 3241 305 3306; x_wconf 88' lang='lat' dir='ltr'>modo</span> <span class='ocrx_word' id='word_1_189' title='bbox 324 3240 427 3305; x_wconf 78' lang='lat' dir='ltr'>Cassii</span> <span class='ocrx_word' id='word_1_190' title='bbox 446 3247 479 3306; x_wconf 89' lang='lat' dir='ltr'>et</span> <span class='ocrx_word' id='word_1_191' title='bbox 493 3241 586 3305; x_wconf 91' lang='lat' dir='ltr'>Bruti</span> <span class='ocrx_word' id='word_1_192' title='bbox 610 3249 659 3308; x_wconf 86' lang='lat' dir='ltr'>set</span> <span class='ocrx_word' id='word_1_193' title='bbox 678 3249 710 3307; x_wconf 93' lang='lat' dir='ltr'>et</span> <span class='ocrx_word' id='word_1_194' title='bbox 726 3243 791 3307; x_wconf 92' lang='lat' dir='ltr'>mei</span> <span class='ocrx_word' id='word_1_195' title='bbox 809 3240 1034 3307; x_wconf 80' lang='lat' dir='ltr'>meminerint‘</span> 
     </span>
     <span class='ocr_line' id='line_1_29' title="bbox 118 3344 1033 3428; baseline -0.001 -19"><span class='ocrx_word' id='word_1_196' title='bbox 118 3365 270 3428; x_wconf 87' lang='lat' dir='ltr'>egressus</span> <span class='ocrx_word' id='word_1_197' title='bbox 306 3344 381 3409; x_wconf 92' lang='lat' dir='ltr'>dein</span> <span class='ocrx_word' id='word_1_198' title='bbox 418 3353 531 3410; x_wconf 90' lang='lat' dir='ltr'>senatu</span> <span class='ocrx_word' id='word_1_199' title='bbox 563 3346 663 3410; x_wconf 84' lang='lat' dir='ltr'>vitam</span> <span class='ocrx_word' id='word_1_200' title='bbox 695 3347 889 3412; x_wconf 86' lang='lat' dir='ltr'>abstinentia</span> <span class='ocrx_word' id='word_1_201' title='bbox 921 3346 1033 3411; x_wconf 90' lang='lat' dir='ltr'>finivit.</span> 
     </span>
     <span class='ocr_line' id='line_1_30' title="bbox 117 3447 1069 3536; baseline 0.003 -25"><span class='ocrx_word' id='word_1_202' title='bbox 117 3447 219 3513; x_wconf 92' lang='lat' dir='ltr'>libros</span> <span class='ocrx_word' id='word_1_203' title='bbox 252 3468 310 3533; x_wconf 91' lang='lat' dir='ltr'>per</span> <span class='ocrx_word' id='word_1_204' title='bbox 344 3447 467 3512; x_wconf 85' lang='lat' dir='ltr'>aediles</span> <span class='ocrx_word' id='word_1_205' title='bbox 501 3449 690 3514; x_wconf 87' lang='lat' dir='ltr'>cremandos</span> <span class='ocrx_word' id='word_1_206' title='bbox 723 3470 876 3516; x_wconf 86' lang='lat' dir='ltr'>censuere</span> <span class='ocrx_word' id='word_1_207' title='bbox 908 3457 1069 3536; x_wconf 75' lang='lat' dir='ltr'>patresrrc</span> 
     </span>
    </p>
   </div>
   <div class='ocr_carea' id='block_1_3' title="bbox 118 3553 1034 3709">
    <p class='ocr_par' dir='ltr' id='par_1_3' title="bbox 118 3553 1034 3709">
     <span class='ocr_line' id='line_1_31' title="bbox 118 3553 1034 3640; baseline 0.002 -24"><span class='ocrx_word' id='word_1_208' title='bbox 118 3557 170 3617; x_wconf 91' lang='lat' dir='ltr'>set</span> <span class='ocrx_word' id='word_1_209' title='bbox 196 3560 383 3618; x_wconf 85' lang='lat' dir='ltr'>manserunt</span> <span class='ocrx_word' id='word_1_210' title='bbox 407 3553 559 3619; x_wconf 86' lang='lat' dir='ltr'>occultati</span> <span class='ocrx_word' id='word_1_211' title='bbox 581 3560 614 3618; x_wconf 89' lang='lat' dir='ltr'>et</span> <span class='ocrx_word' id='word_1_212' title='bbox 638 3554 725 3620; x_wconf 90' lang='lat' dir='ltr'>editi.</span> <span class='ocrx_word' id='word_1_213' title='bbox 771 3574 834 3638; x_wconf 92' lang='lat' dir='ltr'>quo</span> <span class='ocrx_word' id='word_1_214' title='bbox 859 3556 960 3640; x_wconf 88' lang='lat' dir='ltr'>magis</span> <span class='ocrx_word' id='word_1_215' title='bbox 984 3576 1034 3618; x_wconf 88' lang='lat' dir='ltr'>so-</span> 
     </span>
     <span class='ocr_line' id='line_1_32' title="bbox 823 3653 879 3709; baseline 0.018 -1"><span class='ocrx_word' id='word_1_216' title='bbox 823 3653 879 3709; x_wconf 73' lang='lat'>11*</span> 
     </span>
    </p>
   </div>
   <div class='ocr_carea' id='block_1_4' title="bbox 0 0 1228 4010">
    <p class='ocr_par' dir='ltr' id='par_1_4' title="bbox 0 0 1228 4010">
     <span class='ocr_line' id='line_1_33' title="bbox 0 0 1228 4010; baseline 0 0"><span class='ocrx_word' id='word_1_217' title='bbox 0 0 1228 4010; x_wconf 95' lang='lat' dir='ltr'> </span> 
     </span>
    </p>
   </div>
  </div>
 </body>
</html>
