2444 4010
303 322 340 362 ΑΒ
354 320 481 362 ΕΧΟΕΒΒΠ
494 321 559 360 DIVI
573 319 700 362 AUGUSTI
713 319 736 361 11
750 321 834 363 37—39.
984 317 1018 373 81

107 485 142 548 in
164 503 216 546 me
238 481 455 547 transmittere
480 504 517 548 aa
532 481 623 547 velut
637 480 836 565 perfringere
853 480 1020 564 aerarium,
1031 505 1056 544 ιε

108 587 195 673 quod
218 588 246 652 si
264 586 440 652 ambitione
457 586 711 668 exhauserim,
732 607 792 670 per
807 586 931 649 scelera
945 605 1020 669 sup·

106 691 263 778 plandum
279 690 349 756 erit.
389 689 480 754 dedit
494 690 564 772 tibi,
580 687 729 771 Hortale,
746 687 838 753 divus
853 687 1021 771 Augustus

105 798 292 882 pecuniam,
321 793 379 860 sed
408 814 475 858 non
504 793 706 878 conpellatus
736 813 797 858 neo
828 812 867 857 ea
888 793 962 877 lege
985 797 1022 855 ut

105 922 234 986 semper
267 898 406 965 daretur.
439 898 628 983 languescet
647 898 768 982 alioqui
782 897 949 980 industria,
972 897 1020 962 in·

104 1007 258 1072 tendetur
280 1003 438 1086 socordia,
462 1005 489 1068 si
511 1003 618 1068 nullus
640 1023 732 1067 exse
748 1006 1056 1086 metusautspes,ro

105 1118 139 1176 et
163 1110 267 1175 securi
284 1107 517 1175 omnesaliana
533 1106 676 1171 subsidia
692 1107 937 1191 exspectabunt,
960 1105 1022 1170 sibi

104 1213 224 1298 ignavi,
240 1212 334 1277 nobis
348 1209 484 1296 graves}
518 1211 598 1275 haec
614 1217 711 1294 atque
726 1210 814 1292 talia,
830 1230 1022 1295 quamquam

105 1339 180 1382 cum
206 1317 344 1383 adsensu
368 1315 477 1381 audita
494 1315 534 1378 iis
557 1314 671 1400 quibus
687 1315 869 1400 principum
885 1314 1023 1379 honesta

104 1427 205 1507 atque
223 1421 393 1487 inhonesta
408 1418 540 1486 laudare
557 1440 639 1502 mos,
652 1409 771 1504 ⁴plures
786 1442 844 1506 per
860 1420 1022 1484 silentium

104 1526 335 1591 autoccultnm
347 1545 673 1608 murmurexcepere.
699 1525 862 1609 sensitque
874 1524 1021 1589 Tiberius
1031 1543 1057 1581 rs

105 1636 156 1713 et,
190 1652 263 1694 cum
284 1629 417 1713 paulum
439 1629 633 1710 reticuisset,
655 1628 793 1693 Hortalo
815 1626 1022 1711 respondisse

104 1737 168 1799 ait:
192 1739 337 1798 ceterum
353 1734 380 1797 si
393 1734 540 1818 patribus
556 1731 730 1814 videretur,
747 1732 896 1796 daturum
912 1731 1023 1796 liberis

104 1839 232 1904 ducena
253 1827 405 1914 sestertia
427 1838 573 1920 singulis,
597 1836 652 1922 qui
667 1857 765 1901 sexus
786 1835 887 1902 virilis
904 1843 1022 1901 essent.

105 1965 204 2030 agere
221 1944 276 2008 alii
291 1949 413 2028 grates:
438 1943 526 2007 siluit
540 1941 708 2024 Hortalus,
723 1961 845 2026 pavore
861 1963 902 2005 an
918 1940 1022 2005 avitae

105 2048 285 2115 nobilitatis
308 2049 406 2112 etiam
427 2047 512 2112 inter
527 2047 692 2130 angustias
707 2045 855 2110 fortunae
871 2046 1057 2110 retinenaao

104 2175 211 2239 neque
228 2153 397 2218 miseratus
411 2152 547 2236 posthac
563 2150 722 2234 Tiberius,
746 2152 891 2235 quamvis
908 2149 1023 2214 domus

105 2256 278 2323 Hortensii
300 2255 486 2341 pudendam
509 2254 551 2319 ad
573 2256 717 2339 inopiam
735 2255 957 2336 delaberetur.

172 2363 225 2426 39.
259 2359 386 2425 Eodem
416 2381 499 2424 anno
523 2359 673 2444 mancipii
696 2360 789 2423 unius
811 2359 961 2442 audacia,
990 2359 1024 2425 ni

105 2471 231 2530 mature
248 2463 440 2528 subventum
454 2464 549 2546 foret,
565 2463 733 2529 discordiis
747 2464 906 2549 armisque
921 2464 1022 2528 civili·
1074 2465 1075 2468 ’

105 2569 164 2635 bus
187 2590 258 2633 rem
279 2568 440 2654 publicam
456 2568 656 2653 perculisset.
694 2567 841 2633 Postumi
856 2567 1022 2652 Agrippae

106 2696 235 2757 servus,
264 2674 394 2740 nomino
419 2673 585 2757 Clemens,
618 2680 773 2760 conperto
796 2673 860 2736 fine
882 2671 1023 2757 Augusti

106 2799 244 2865 pergere
272 2779 305 2841 in
333 2777 472 2843 insulam
498 2778 680 2842 Planasiam
710 2783 742 2843 et
764 2777 877 2842 fraude
908 2782 963 2842 aut
990 2776 1044 2840 vis

105 2890 235 2970 raptum
255 2881 436 2968 Agrippam
459 2882 544 2948 ferre
568 2882 609 2947 ad
633 2882 795 2948 exercitus
812 2881 1023 2948 Germanicos

104 3011 170 3056 non
187 2987 298 3053 servili
312 2987 418 3052 animo
436 2987 593 3072 concepit.
627 3008 704 3051 ausa
718 2986 877 3072 inpedivit
890 2984 1023 3050 tarditas

106 3091 276 3159 onerariae
302 3091 410 3172 navis3
440 3095 535 3175 atque
559 3090 688 3154 interim
709 3095 837 3175 patrata
860 3090 959 3155 caede
982 3089 1023 3152 ad

104 3199 230 3262 maiora
266 3202 298 3260 et
330 3195 432 3280 magis
470 3194 659 3280 praecipitia
693 3214 866 3259 conversus
901 3191 1024 3256 furatur

106 3304 233 3368 cineres
255 3304 432 3384 vectusque
456 3299 572 3364 Cosam
595 3300 744 3364 Etruriae
768 3296 1024 3384 promunturium
1033 3314 1058 3352 10

104 3405 227 3490 ignotis
250 3403 330 3469 locis
353 3423 424 3468 sese
448 3403 547 3487 abdit,
571 3403 676 3469 donec
692 3403 813 3466 crinem
828 3400 1023 3486 barbamque

106 3510 329 3595 promitteret:
359 3529 433 3572 nam
455 3514 561 3572 aetate
586 3513 619 3572 et
641 3509 744 3572 forma
767 3505 854 3571 haud
878 3505 1025 3570 dissimili

810 3604 868 3660 gra
