<?xml version="1.0" encoding="UTF-8"?>
<!DOCTYPE html PUBLIC "-//W3C//DTD XHTML 1.0 Transitional//EN"
    "http://www.w3.org/TR/xhtml1/DTD/xhtml1-transitional.dtd">
<html xmlns="http://www.w3.org/1999/xhtml" xml:lang="en" lang="en">
 <head>
  <title>
</title>
<meta http-equiv="Content-Type" content="text/html;charset=utf-8" />
  <meta name='ocr-system' content='tesseract 3.04.00' />
  <meta name='ocr-capabilities' content='ocr_page ocr_carea ocr_par ocr_line ocrx_word'/>
</head>
<body>
  <div class='ocr_page' id='page_1' title='image "./annalen01tacigoog_0083.png"; bbox 0 0 2498 4010; ppageno 0'>
   <div class='ocr_carea' id='block_1_1' title="bbox 242 327 823 383">
    <p class='ocr_par' dir='ltr' id='par_1_1' title="bbox 242 327 823 383">
     <span class='ocr_line' id='line_1_1' title="bbox 242 327 823 383; baseline 0.007 -11"><span class='ocrx_word' id='word_1_1' title='bbox 242 327 279 383; x_wconf 72' lang='lat'>70</span> <span class='ocrx_word' id='word_1_2' title='bbox 574 334 713 374; x_wconf 73' lang='lat' dir='ltr'>CORNELII</span> <span class='ocrx_word' id='word_1_3' title='bbox 725 335 823 376; x_wconf 71' lang='lat' dir='ltr'>raom</span> 
     </span>
    </p>
   </div>
   <div class='ocr_carea' id='block_1_2' title="bbox 201 491 1232 2247">
    <p class='ocr_par' dir='ltr' id='par_1_2' title="bbox 201 491 1232 2247">
     <span class='ocr_line' id='line_1_2' title="bbox 219 491 1151 579; baseline 0.002 -21"><span class='ocrx_word' id='word_1_4' title='bbox 219 498 394 574; x_wconf 66' lang='lat' dir='ltr'>cuteretur,</span> <span class='ocrx_word' id='word_1_5' title='bbox 411 496 521 555; x_wconf 87' lang='lat' dir='ltr'>coacta</span> <span class='ocrx_word' id='word_1_6' title='bbox 537 491 651 556; x_wconf 87' lang='lat' dir='ltr'>stabile</span> <span class='ocrx_word' id='word_1_7' title='bbox 668 493 709 558; x_wconf 87' lang='lat' dir='ltr'>ad</span> <span class='ocrx_word' id='word_1_8' title='bbox 723 495 899 579; x_wconf 85' lang='lat' dir='ltr'>proelium:</span> <span class='ocrx_word' id='word_1_9' title='bbox 925 502 1035 560; x_wconf 86' lang='lat' dir='ltr'>contra</span> <span class='ocrx_word' id='word_1_10' title='bbox 1050 495 1151 577; x_wconf 87' lang='lat' dir='ltr'>miles,</span> 
     </span>
     <span class='ocr_line' id='line_1_3' title="bbox 241 595 1149 685; baseline 0.001 -24"><span class='ocrx_word' id='word_1_11' title='bbox 241 598 292 661; x_wconf 92' lang='lat' dir='ltr'>oui</span> <span class='ocrx_word' id='word_1_12' title='bbox 314 603 439 662; x_wconf 89' lang='lat' dir='ltr'>scutum</span> <span class='ocrx_word' id='word_1_13' title='bbox 462 596 587 682; x_wconf 83' lang='lat' dir='ltr'>pectori</span> <span class='ocrx_word' id='word_1_14' title='bbox 610 595 798 682; x_wconf 83' lang='lat' dir='ltr'>adpressum</span> <span class='ocrx_word' id='word_1_15' title='bbox 822 603 855 662; x_wconf 91' lang='lat' dir='ltr'>et</span> <span class='ocrx_word' id='word_1_16' title='bbox 876 598 1020 663; x_wconf 89' lang='lat' dir='ltr'>insidens</span> <span class='ocrx_word' id='word_1_17' title='bbox 1038 600 1149 685; x_wconf 89' lang='lat' dir='ltr'>capulo</span> 
     </span>
     <span class='ocr_line' id='line_1_4' title="bbox 239 702 1151 786; baseline 0.002 -21"><span class='ocrx_word' id='word_1_18' title='bbox 239 722 362 785; x_wconf 90' lang='lat' dir='ltr'>manus,</span> <span class='ocrx_word' id='word_1_19' title='bbox 385 702 468 767; x_wconf 88' lang='lat' dir='ltr'>latos</span> <span class='ocrx_word' id='word_1_20' title='bbox 491 702 701 766; x_wconf 87' lang='lat' dir='ltr'>barbarorum</span> <span class='ocrx_word' id='word_1_21' title='bbox 723 709 820 786; x_wconf 89' lang='lat' dir='ltr'>artus,</span> <span class='ocrx_word' id='word_1_22' title='bbox 842 704 929 768; x_wconf 91' lang='lat' dir='ltr'>nuda</span> <span class='ocrx_word' id='word_1_23' title='bbox 952 726 1008 768; x_wconf 89' lang='lat' dir='ltr'>ora</span> <span class='ocrx_word' id='word_1_24' title='bbox 1025 704 1151 770; x_wconf 83' lang='lat' dir='ltr'><strong>foderet</strong></span> 
     </span>
     <span class='ocr_line' id='line_1_5' title="bbox 239 806 1151 896; baseline 0.001 -23"><span class='ocrx_word' id='word_1_25' title='bbox 239 809 388 895; x_wconf 84' lang='lat' dir='ltr'>viamque</span> <span class='ocrx_word' id='word_1_26' title='bbox 411 815 518 892; x_wconf 79' lang='lat' dir='ltr'>strage</span> <span class='ocrx_word' id='word_1_27' title='bbox 541 806 682 870; x_wconf 86' lang='lat' dir='ltr'>hostium</span> <span class='ocrx_word' id='word_1_28' title='bbox 706 808 855 891; x_wconf 89' lang='lat' dir='ltr'>aperiret,</span> <span class='ocrx_word' id='word_1_29' title='bbox 879 811 1066 896; x_wconf 85' lang='lat' dir='ltr'><strong>inprompto</strong></span> <span class='ocrx_word' id='word_1_30' title='bbox 1089 810 1151 874; x_wconf 88' lang='lat' dir='ltr'>Ar·</span> 
     </span>
     <span class='ocr_line' id='line_1_6' title="bbox 239 912 1232 997; baseline 0.002 -20"><span class='ocrx_word' id='word_1_31' title='bbox 239 914 337 978; x_wconf 92' lang='lat' dir='ltr'>minio</span> <span class='ocrx_word' id='word_1_32' title='bbox 371 914 412 977; x_wconf 95' lang='lat' dir='ltr'>ob</span> <span class='ocrx_word' id='word_1_33' title='bbox 445 913 595 977; x_wconf 90' lang='lat' dir='ltr'>continua</span> <span class='ocrx_word' id='word_1_34' title='bbox 626 912 786 997; x_wconf 86' lang='lat' dir='ltr'>pericula,</span> <span class='ocrx_word' id='word_1_35' title='bbox 822 916 890 979; x_wconf 88' lang='lat' dir='ltr'>sive</span> <span class='ocrx_word' id='word_1_36' title='bbox 919 915 1010 979; x_wconf 91' lang='lat' dir='ltr'>illum</span> <span class='ocrx_word' id='word_1_37' title='bbox 1037 936 1150 981; x_wconf 88' lang='lat' dir='ltr'>recens</span> <span class='ocrx_word' id='word_1_38' title='bbox 1231 939 1232 954; x_wconf 59' lang='lat'>¹</span> 
     </span>
     <span class='ocr_line' id='line_1_7' title="bbox 203 1016 1150 1105; baseline 0 -23"><span class='ocrx_word' id='word_1_39' title='bbox 203 1035 228 1074; x_wconf 87' lang='lat'>1⁰</span> <span class='ocrx_word' id='word_1_40' title='bbox 238 1025 406 1105; x_wconf 90' lang='lat' dir='ltr'>acceptum</span> <span class='ocrx_word' id='word_1_41' title='bbox 421 1018 537 1084; x_wconf 81' lang='lat' dir='ltr'>vulnus</span> <span class='ocrx_word' id='word_1_42' title='bbox 548 1016 741 1081; x_wconf 86' lang='lat' dir='ltr'>tardaverat.</span> <span class='ocrx_word' id='word_1_43' title='bbox 774 1019 851 1103; x_wconf 90' lang='lat' dir='ltr'>quin</span> <span class='ocrx_word' id='word_1_44' title='bbox 864 1025 897 1083; x_wconf 94' lang='lat' dir='ltr'>et</span> <span class='ocrx_word' id='word_1_45' title='bbox 907 1018 1150 1104; x_wconf 85' lang='lat' dir='ltr'>Inguiomerum</span> 
     </span>
     <span class='ocr_line' id='line_1_8' title="bbox 236 1121 1150 1210; baseline 0.003 -24"><span class='ocrx_word' id='word_1_46' title='bbox 236 1129 305 1210; x_wconf 86' lang='lat' dir='ltr'>tota</span> <span class='ocrx_word' id='word_1_47' title='bbox 335 1122 524 1187; x_wconf 85' lang='lat' dir='ltr'>volitantem</span> <span class='ocrx_word' id='word_1_48' title='bbox 553 1121 621 1185; x_wconf 90' lang='lat' dir='ltr'>acie</span> <span class='ocrx_word' id='word_1_49' title='bbox 652 1121 780 1186; x_wconf 82' lang='lat' dir='ltr'>fortuna</span> <span class='ocrx_word' id='word_1_50' title='bbox 804 1124 908 1206; x_wconf 87' lang='lat' dir='ltr'>magis</span> <span class='ocrx_word' id='word_1_51' title='bbox 931 1144 1026 1208; x_wconf 86' lang='lat' dir='ltr'>quam</span> <span class='ocrx_word' id='word_1_52' title='bbox 1049 1125 1150 1189; x_wconf 86' lang='lat' dir='ltr'>virtus</span> 
     </span>
     <span class='ocr_line' id='line_1_9' title="bbox 238 1226 1232 1311; baseline 0.004 -22"><span class='ocrx_word' id='word_1_53' title='bbox 238 1227 417 1292; x_wconf 88' lang='lat' dir='ltr'>deserebat.</span> <span class='ocrx_word' id='word_1_54' title='bbox 458 1233 491 1290; x_wconf 93' lang='lat' dir='ltr'>et</span> <span class='ocrx_word' id='word_1_55' title='bbox 515 1226 736 1308; x_wconf 77' lang='lat' dir='ltr'>Germanicus,</span> <span class='ocrx_word' id='word_1_56' title='bbox 760 1246 823 1311; x_wconf 92' lang='lat' dir='ltr'>quo</span> <span class='ocrx_word' id='word_1_57' title='bbox 847 1228 948 1311; x_wconf 92' lang='lat' dir='ltr'>magis</span> <span class='ocrx_word' id='word_1_58' title='bbox 972 1226 1148 1311; x_wconf 87' lang='lat' dir='ltr'>adgnosce-</span> <span class='ocrx_word' id='word_1_59' title='bbox 1231 1307 1232 1310; x_wconf 8' lang='grc' dir='ltr'><strong>Ἴ</strong></span> 
     </span>
     <span class='ocr_line' id='line_1_10' title="bbox 236 1327 1232 1416; baseline 0.002 -22"><span class='ocrx_word' id='word_1_60' title='bbox 236 1340 340 1414; x_wconf 89' lang='lat' dir='ltr'>retur,</span> <span class='ocrx_word' id='word_1_61' title='bbox 380 1330 564 1396; x_wconf 72' lang='lat' dir='ltr'>detraxerat</span> <span class='ocrx_word' id='word_1_62' title='bbox 594 1330 738 1414; x_wconf 90' lang='lat' dir='ltr'>tegimen</span> <span class='ocrx_word' id='word_1_63' title='bbox 767 1331 865 1416; x_wconf 88' lang='lat' dir='ltr'>capiti</span> <span class='ocrx_word' id='word_1_64' title='bbox 896 1334 1072 1416; x_wconf 85' lang='lat' dir='ltr'>orabatque</span> <span class='ocrx_word' id='word_1_65' title='bbox 1103 1333 1148 1396; x_wconf 92' lang='lat' dir='ltr'>in-</span> <span class='ocrx_word' id='word_1_66' title='bbox 1230 1327 1232 1356; x_wconf 59' lang='lat'><em>⁴</em></span> 
     </span>
     <span class='ocr_line' id='line_1_11' title="bbox 237 1434 1232 1520; baseline 0.002 -22"><span class='ocrx_word' id='word_1_67' title='bbox 237 1435 386 1500; x_wconf 87' lang='lat' dir='ltr'>sisterent</span> <span class='ocrx_word' id='word_1_68' title='bbox 409 1434 576 1499; x_wconf 86' lang='lat' dir='ltr'>caedibus:</span> <span class='ocrx_word' id='word_1_69' title='bbox 600 1435 646 1498; x_wconf 94' lang='lat' dir='ltr'>nil</span> <span class='ocrx_word' id='word_1_70' title='bbox 670 1456 750 1520; x_wconf 89' lang='lat' dir='ltr'>opus</span> <span class='ocrx_word' id='word_1_71' title='bbox 767 1436 911 1520; x_wconf 85' lang='lat' dir='ltr'>captivis,</span> <span class='ocrx_word' id='word_1_72' title='bbox 935 1438 1037 1502; x_wconf 88' lang='lat' dir='ltr'>solam</span> <span class='ocrx_word' id='word_1_73' title='bbox 1053 1438 1149 1501; x_wconf 90' lang='lat' dir='ltr'>inter·</span> <span class='ocrx_word' id='word_1_74' title='bbox 1231 1477 1232 1482; x_wconf 23' lang='grc' dir='ltr'><strong>κ</strong></span> 
     </span>
     <span class='ocr_line' id='line_1_12' title="bbox 201 1539 1147 1625; baseline 0.002 -25"><span class='ocrx_word' id='word_1_75' title='bbox 201 1541 397 1604; x_wconf 76' lang='lat' dir='ltr'>ronioionem</span> <span class='ocrx_word' id='word_1_76' title='bbox 413 1539 518 1624; x_wconf 89' lang='lat' dir='ltr'>gentis</span> <span class='ocrx_word' id='word_1_77' title='bbox 533 1539 630 1602; x_wconf 87' lang='lat' dir='ltr'>finem</span> <span class='ocrx_word' id='word_1_78' title='bbox 644 1539 730 1603; x_wconf 89' lang='lat' dir='ltr'>bello</span> <span class='ocrx_word' id='word_1_79' title='bbox 743 1539 823 1604; x_wconf 85' lang='lat' dir='ltr'>fore.</span> <span class='ocrx_word' id='word_1_80' title='bbox 856 1540 984 1625; x_wconf 87' lang='lat' dir='ltr'>iamque</span> <span class='ocrx_word' id='word_1_81' title='bbox 997 1561 1070 1604; x_wconf 86' lang='lat' dir='ltr'>sero</span> <span class='ocrx_word' id='word_1_82' title='bbox 1086 1540 1147 1604; x_wconf 93' lang='lat' dir='ltr'>diei</span> 
     </span>
     <span class='ocr_line' id='line_1_13' title="bbox 236 1641 1231 1727; baseline 0.002 -21"><span class='ocrx_word' id='word_1_83' title='bbox 236 1643 385 1709; x_wconf 88' lang='lat' dir='ltr'>subducit</span> <span class='ocrx_word' id='word_1_84' title='bbox 413 1643 621 1708; x_wconf 87' lang='lat' dir='ltr'>vicensimam</span> <span class='ocrx_word' id='word_1_85' title='bbox 650 1642 813 1727; x_wconf 85' lang='lat' dir='ltr'>legionem</span> <span class='ocrx_word' id='word_1_86' title='bbox 843 1641 998 1707; x_wconf 83' lang='lat' dir='ltr'>faciendis</span> <span class='ocrx_word' id='word_1_87' title='bbox 1022 1645 1146 1708; x_wconf 89' lang='lat' dir='ltr'>castris:</span> <span class='ocrx_word' id='word_1_88' title='bbox 1230 1675 1231 1714; x_wconf 63' lang='lat' dir='ltr'>r</span> 
     </span>
     <span class='ocr_line' id='line_1_14' title="bbox 235 1747 1232 1836; baseline -0.003 -24"><span class='ocrx_word' id='word_1_89' title='bbox 235 1755 361 1814; x_wconf 87' lang='lat' dir='ltr'>ceterae</span> <span class='ocrx_word' id='word_1_90' title='bbox 387 1748 429 1812; x_wconf 91' lang='lat' dir='ltr'>ad</span> <span class='ocrx_word' id='word_1_91' title='bbox 451 1755 580 1814; x_wconf 88' lang='lat' dir='ltr'>noctem</span> <span class='ocrx_word' id='word_1_92' title='bbox 604 1767 717 1811; x_wconf 89' lang='lat' dir='ltr'>cruore</span> <span class='ocrx_word' id='word_1_93' title='bbox 741 1747 883 1811; x_wconf 84' lang='lat' dir='ltr'>hostium</span> <span class='ocrx_word' id='word_1_94' title='bbox 905 1748 1039 1811; x_wconf 85' lang='lat' dir='ltr'>satiatae</span> <span class='ocrx_word' id='word_1_95' title='bbox 1064 1754 1145 1812; x_wconf 90' lang='lat' dir='ltr'>sunt.</span> <span class='ocrx_word' id='word_1_96' title='bbox 1230 1763 1232 1836; x_wconf 64' lang='grc' dir='ltr'><strong>ζ</strong></span> 
     </span>
     <span class='ocr_line' id='line_1_15' title="bbox 235 1843 1232 1938; baseline -0.005 -22"><span class='ocrx_word' id='word_1_97' title='bbox 235 1855 359 1938; x_wconf 87' lang='lat' dir='ltr'>equites</span> <span class='ocrx_word' id='word_1_98' title='bbox 382 1853 533 1937; x_wconf 89' lang='lat' dir='ltr'>ambigue</span> <span class='ocrx_word' id='word_1_99' title='bbox 554 1857 730 1915; x_wconf 87' lang='lat' dir='ltr'>certavere.</span> <span class='ocrx_word' id='word_1_100' title='bbox 1231 1843 1232 1856; x_wconf 52' lang='lat'>¹</span> 
     </span>
     <span class='ocr_line' id='line_1_16' title="bbox 300 1954 1231 2039; baseline 0.001 -20"><span class='ocrx_word' id='word_1_101' title='bbox 300 1959 352 2020; x_wconf 83' lang='lat'>22.</span> <span class='ocrx_word' id='word_1_102' title='bbox 381 1955 534 2020; x_wconf 89' lang='lat' dir='ltr'>Laudatis</span> <span class='ocrx_word' id='word_1_103' title='bbox 564 1976 622 2039; x_wconf 90' lang='lat' dir='ltr'>pro</span> <span class='ocrx_word' id='word_1_104' title='bbox 653 1955 804 2020; x_wconf 91' lang='lat' dir='ltr'>contione</span> <span class='ocrx_word' id='word_1_105' title='bbox 829 1954 1004 2019; x_wconf 87' lang='lat' dir='ltr'>victoribus</span> <span class='ocrx_word' id='word_1_106' title='bbox 1029 1955 1147 2020; x_wconf 76' lang='lat' dir='ltr'>Caesar</span> <span class='ocrx_word' id='word_1_107' title='bbox 1230 2017 1231 2020; x_wconf 74' lang='grc'>,</span> 
     </span>
     <span class='ocr_line' id='line_1_17' title="bbox 235 2059 1145 2145; baseline -0.002 -20"><span class='ocrx_word' id='word_1_108' title='bbox 235 2062 421 2145; x_wconf 84' lang='lat' dir='ltr'>congeriem</span> <span class='ocrx_word' id='word_1_109' title='bbox 449 2080 610 2124; x_wconf 89' lang='lat' dir='ltr'>armorum</span> <span class='ocrx_word' id='word_1_110' title='bbox 639 2059 755 2123; x_wconf 87' lang='lat' dir='ltr'>struxit</span> <span class='ocrx_word' id='word_1_111' title='bbox 778 2059 916 2144; x_wconf 89' lang='lat' dir='ltr'>superbo</span> <span class='ocrx_word' id='word_1_112' title='bbox 941 2080 1013 2123; x_wconf 91' lang='lat' dir='ltr'>cum</span> <span class='ocrx_word' id='word_1_113' title='bbox 1035 2060 1145 2125; x_wconf 89' lang='lat' dir='ltr'>titulo:</span> 
     </span>
     <span class='ocr_line' id='line_1_18' title="bbox 236 2161 1144 2247; baseline 0 -19"><span class='ocrx_word' id='word_1_114' title='bbox 236 2165 405 2230; x_wconf 86' lang='lat' dir='ltr'>debellatis</span> <span class='ocrx_word' id='word_1_115' title='bbox 416 2166 500 2230; x_wconf 91' lang='lat' dir='ltr'>inter</span> <span class='ocrx_word' id='word_1_116' title='bbox 511 2164 663 2228; x_wconf 90' lang='lat' dir='ltr'>Rhenum</span> <span class='ocrx_word' id='word_1_117' title='bbox 671 2161 845 2247; x_wconf 87' lang='lat' dir='ltr'>Albimque</span> <span class='ocrx_word' id='word_1_118' title='bbox 858 2161 1041 2230; x_wconf 88' lang='lat' dir='ltr'>nationibus</span> <span class='ocrx_word' id='word_1_119' title='bbox 1054 2185 1144 2228; x_wconf 84' lang='lat' dir='ltr'>exer·</span> 
     </span>
    </p>
   </div>
   <div class='ocr_carea' id='block_1_3' title="bbox 235 2267 1230 2334">
    <p class='ocr_par' dir='ltr' id='par_1_3' title="bbox 235 2267 1230 2334">
     <span class='ocr_line' id='line_1_19' title="bbox 235 2267 1230 2334; baseline -0.001 -2"><span class='ocrx_word' id='word_1_120' title='bbox 235 2270 333 2333; x_wconf 90' lang='lat' dir='ltr'>citum</span> <span class='ocrx_word' id='word_1_121' title='bbox 349 2269 471 2333; x_wconf 83' lang='lat' dir='ltr'>Tiberii</span> <span class='ocrx_word' id='word_1_122' title='bbox 487 2269 634 2333; x_wconf 81' lang='lat' dir='ltr'>Caesaris</span> <span class='ocrx_word' id='word_1_123' title='bbox 650 2289 688 2332; x_wconf 87' lang='lat' dir='ltr'>ea</span> <span class='ocrx_word' id='word_1_124' title='bbox 703 2269 903 2333; x_wconf 87' lang='lat' dir='ltr'>monimenta</span> <span class='ocrx_word' id='word_1_125' title='bbox 917 2268 1014 2332; x_wconf 88' lang='lat' dir='ltr'>Marti</span> <span class='ocrx_word' id='word_1_126' title='bbox 1030 2273 1063 2333; x_wconf 91' lang='lat' dir='ltr'>et</span> <span class='ocrx_word' id='word_1_127' title='bbox 1075 2267 1145 2334; x_wconf 89' lang='lat' dir='ltr'>Iovi</span> <span class='ocrx_word' id='word_1_128' title='bbox 1229 2301 1230 2306; x_wconf 17' lang='grc' dir='ltr'><strong>κ</strong></span> 
     </span>
    </p>
   </div>
   <div class='ocr_carea' id='block_1_4' title="bbox 126 2359 1227 3604">
    <p class='ocr_par' dir='ltr' id='par_1_4' title="bbox 126 2359 1144 2873">
     <span class='ocr_line' id='line_1_20' title="bbox 126 2359 1144 2457; baseline 0.003 -26"><span class='ocrx_word' id='word_1_129' title='bbox 126 2359 128 2364; x_wconf 66' lang='grc'><strong>’</strong></span> <span class='ocrx_word' id='word_1_130' title='bbox 212 2379 268 2438; x_wconf 78' lang='lat' dir='ltr'>cet</span> <span class='ocrx_word' id='word_1_131' title='bbox 290 2374 439 2457; x_wconf 88' lang='lat' dir='ltr'>Augusto</span> <span class='ocrx_word' id='word_1_132' title='bbox 464 2373 649 2437; x_wconf 87' lang='lat' dir='ltr'>sacravisse.</span> <span class='ocrx_word' id='word_1_133' title='bbox 692 2371 732 2435; x_wconf 93' lang='lat' dir='ltr'>de</span> <span class='ocrx_word' id='word_1_134' title='bbox 756 2393 790 2436; x_wconf 87' lang='lat' dir='ltr'>se</span> <span class='ocrx_word' id='word_1_135' title='bbox 805 2371 886 2436; x_wconf 94' lang='lat' dir='ltr'>nihil</span> <span class='ocrx_word' id='word_1_136' title='bbox 901 2370 1035 2454; x_wconf 86' lang='lat' dir='ltr'>addidit,</span> <span class='ocrx_word' id='word_1_137' title='bbox 1058 2377 1144 2436; x_wconf 92' lang='lat' dir='ltr'>metu</span> 
     </span>
     <span class='ocr_line' id='line_1_21' title="bbox 233 2475 1142 2543; baseline 0 -3"><span class='ocrx_word' id='word_1_138' title='bbox 233 2477 374 2543; x_wconf 85' lang='lat' dir='ltr'>invidiae</span> <span class='ocrx_word' id='word_1_139' title='bbox 406 2497 447 2541; x_wconf 86' lang='lat' dir='ltr'>an</span> <span class='ocrx_word' id='word_1_140' title='bbox 475 2483 563 2541; x_wconf 86' lang='lat' dir='ltr'>ratus</span> <span class='ocrx_word' id='word_1_141' title='bbox 592 2477 821 2542; x_wconf 87' lang='lat' dir='ltr'>conscientiam</span> <span class='ocrx_word' id='word_1_142' title='bbox 852 2476 926 2540; x_wconf 87' lang='lat' dir='ltr'>facti</span> <span class='ocrx_word' id='word_1_143' title='bbox 957 2475 1033 2540; x_wconf 87' lang='lat' dir='ltr'>satis</span> <span class='ocrx_word' id='word_1_144' title='bbox 1064 2497 1142 2540; x_wconf 89' lang='lat' dir='ltr'>esse.</span> 
     </span>
     <span class='ocr_line' id='line_1_22' title="bbox 233 2579 1143 2665; baseline -0.003 -19"><span class='ocrx_word' id='word_1_145' title='bbox 233 2602 312 2646; x_wconf 86' lang='lat' dir='ltr'>mox</span> <span class='ocrx_word' id='word_1_146' title='bbox 334 2582 455 2645; x_wconf 87' lang='lat' dir='ltr'>bellum</span> <span class='ocrx_word' id='word_1_147' title='bbox 477 2583 510 2646; x_wconf 94' lang='lat' dir='ltr'>in</span> <span class='ocrx_word' id='word_1_148' title='bbox 532 2580 745 2665; x_wconf 83' lang='lat' dir='ltr'>Angrivarios</span> <span class='ocrx_word' id='word_1_149' title='bbox 768 2580 922 2646; x_wconf 82' lang='lat' dir='ltr'>Stertinio</span> <span class='ocrx_word' id='word_1_150' title='bbox 945 2579 1086 2662; x_wconf 85' lang='lat' dir='ltr'>mandat,</span> <span class='ocrx_word' id='word_1_151' title='bbox 1111 2581 1143 2644; x_wconf 90' lang='lat' dir='ltr'>ni</span> 
     </span>
     <span class='ocr_line' id='line_1_23' title="bbox 235 2684 1141 2770; baseline -0.001 -23"><span class='ocrx_word' id='word_1_152' title='bbox 235 2684 433 2750; x_wconf 90' lang='lat' dir='ltr'>deditionem</span> <span class='ocrx_word' id='word_1_153' title='bbox 463 2684 734 2769; x_wconf 86' lang='lat' dir='ltr'>properavissent.</span> <span class='ocrx_word' id='word_1_154' title='bbox 779 2690 875 2768; x_wconf 91' lang='lat' dir='ltr'>atque</span> <span class='ocrx_word' id='word_1_155' title='bbox 905 2684 953 2750; x_wconf 89' lang='lat' dir='ltr'>illi</span> <span class='ocrx_word' id='word_1_156' title='bbox 982 2685 1141 2770; x_wconf 87' lang='lat' dir='ltr'>supplices</span> 
     </span>
     <span class='ocr_line' id='line_1_24' title="bbox 232 2788 849 2873; baseline -0.002 -20"><span class='ocrx_word' id='word_1_157' title='bbox 232 2788 313 2853; x_wconf 91' lang='lat' dir='ltr'>nihil</span> <span class='ocrx_word' id='word_1_158' title='bbox 336 2788 507 2852; x_wconf 89' lang='lat' dir='ltr'>abnuendo</span> <span class='ocrx_word' id='word_1_159' title='bbox 531 2788 660 2854; x_wconf 82' lang='lat' dir='ltr'>veniam</span> <span class='ocrx_word' id='word_1_160' title='bbox 683 2809 849 2873; x_wconf 89' lang='lat' dir='ltr'>accepere.</span> 
     </span>
    </p>

    <p class='ocr_par' dir='ltr' id='par_1_5' title="bbox 231 2893 1227 3293">
     <span class='ocr_line' id='line_1_25' title="bbox 298 2893 1142 2978; baseline 0.004 -21"><span class='ocrx_word' id='word_1_161' title='bbox 298 2895 348 2957; x_wconf 84' lang='lat'>23.</span> <span class='ocrx_word' id='word_1_162' title='bbox 380 2893 444 2959; x_wconf 84' lang='lat' dir='ltr'>Sed</span> <span class='ocrx_word' id='word_1_163' title='bbox 476 2900 598 2958; x_wconf 86' lang='lat' dir='ltr'>aestate</span> <span class='ocrx_word' id='word_1_164' title='bbox 630 2895 695 2958; x_wconf 90' lang='lat' dir='ltr'>iam</span> <span class='ocrx_word' id='word_1_165' title='bbox 726 2893 836 2958; x_wconf 85' lang='lat' dir='ltr'>adulta</span> <span class='ocrx_word' id='word_1_166' title='bbox 867 2894 1032 2978; x_wconf 90' lang='lat' dir='ltr'>legionum</span> <span class='ocrx_word' id='word_1_167' title='bbox 1063 2895 1142 2960; x_wconf 90' lang='lat' dir='ltr'>aliae</span> 
     </span>
     <span class='ocr_line' id='line_1_26' title="bbox 231 2998 1142 3084; baseline 0 -22"><span class='ocrx_word' id='word_1_168' title='bbox 231 2999 348 3064; x_wconf 89' lang='lat' dir='ltr'>itinere</span> <span class='ocrx_word' id='word_1_169' title='bbox 377 2999 521 3063; x_wconf 89' lang='lat' dir='ltr'>terrestri</span> <span class='ocrx_word' id='word_1_170' title='bbox 550 2998 582 3062; x_wconf 88' lang='lat' dir='ltr'>in</span> <span class='ocrx_word' id='word_1_171' title='bbox 608 2998 816 3063; x_wconf 89' lang='lat' dir='ltr'>hibernacula</span> <span class='ocrx_word' id='word_1_172' title='bbox 837 2999 1006 3080; x_wconf 75' lang='lat' dir='ltr'>remissae,</span> <span class='ocrx_word' id='word_1_173' title='bbox 1036 3001 1142 3084; x_wconf 90' lang='lat' dir='ltr'>plures</span> 
     </span>
     <span class='ocr_line' id='line_1_27' title="bbox 233 3102 1227 3188; baseline -0.002 -19"><span class='ocrx_word' id='word_1_174' title='bbox 233 3102 353 3169; x_wconf 81' lang='lat' dir='ltr'>Caesar</span> <span class='ocrx_word' id='word_1_175' title='bbox 368 3103 461 3167; x_wconf 90' lang='lat' dir='ltr'>classi</span> <span class='ocrx_word' id='word_1_176' title='bbox 472 3104 629 3188; x_wconf 87' lang='lat' dir='ltr'>inpositas</span> <span class='ocrx_word' id='word_1_177' title='bbox 640 3124 698 3188; x_wconf 94' lang='lat' dir='ltr'>per</span> <span class='ocrx_word' id='word_1_178' title='bbox 709 3105 829 3168; x_wconf 90' lang='lat' dir='ltr'>flumen</span> <span class='ocrx_word' id='word_1_179' title='bbox 840 3102 998 3168; x_wconf 83' lang='lat' dir='ltr'>Amisiam</span> <span class='ocrx_word' id='word_1_180' title='bbox 1013 3104 1141 3170; x_wconf 88' lang='lat' dir='ltr'>Oceano</span> <span class='ocrx_word' id='word_1_181' title='bbox 1226 3107 1227 3114; x_wconf 75' lang='grc'>’</span> 
     </span>
     <span class='ocr_line' id='line_1_28' title="bbox 231 3207 1142 3293; baseline -0.002 -20"><span class='ocrx_word' id='word_1_182' title='bbox 231 3211 365 3274; x_wconf 85' lang='lat' dir='ltr'>invexit.</span> <span class='ocrx_word' id='word_1_183' title='bbox 411 3229 447 3272; x_wconf 89' lang='lat' dir='ltr'>ac</span> <span class='ocrx_word' id='word_1_184' title='bbox 477 3209 582 3292; x_wconf 91' lang='lat' dir='ltr'>primo</span> <span class='ocrx_word' id='word_1_185' title='bbox 606 3207 768 3292; x_wconf 85' lang='lat' dir='ltr'>placidum</span> <span class='ocrx_word' id='word_1_186' title='bbox 793 3228 914 3293; x_wconf 87' lang='lat' dir='ltr'>aequor</span> <span class='ocrx_word' id='word_1_187' title='bbox 936 3209 1024 3274; x_wconf 90' lang='lat' dir='ltr'>mille</span> <span class='ocrx_word' id='word_1_188' title='bbox 1047 3210 1142 3273; x_wconf 90' lang='lat' dir='ltr'>remis</span> 
     </span>
    </p>

    <p class='ocr_par' dir='ltr' id='par_1_6' title="bbox 208 3310 1226 3604">
     <span class='ocr_line' id='line_1_29' title="bbox 208 3310 1226 3397; baseline -0.001 -22"><span class='ocrx_word' id='word_1_189' title='bbox 208 3320 375 3397; x_wconf 72' lang='lat' dir='ltr'>astrepere</span> <span class='ocrx_word' id='word_1_190' title='bbox 398 3319 453 3375; x_wconf 89' lang='lat' dir='ltr'>aut</span> <span class='ocrx_word' id='word_1_191' title='bbox 476 3311 555 3374; x_wconf 88' lang='lat' dir='ltr'>velis</span> <span class='ocrx_word' id='word_1_192' title='bbox 578 3310 705 3396; x_wconf 89' lang='lat' dir='ltr'>inpelli:</span> <span class='ocrx_word' id='word_1_193' title='bbox 729 3333 807 3376; x_wconf 87' lang='lat' dir='ltr'>mox</span> <span class='ocrx_word' id='word_1_194' title='bbox 829 3317 898 3376; x_wconf 91' lang='lat' dir='ltr'>atro</span> <span class='ocrx_word' id='word_1_195' title='bbox 923 3313 1020 3396; x_wconf 91' lang='lat' dir='ltr'>globo</span> <span class='ocrx_word' id='word_1_196' title='bbox 1043 3313 1142 3377; x_wconf 87' lang='lat' dir='ltr'>effusa</span> <span class='ocrx_word' id='word_1_197' title='bbox 1225 3359 1226 3374; x_wconf 42' lang='lat' dir='ltr'>r</span> 
     </span>
     <span class='ocr_line' id='line_1_30' title="bbox 231 3414 1142 3501; baseline -0.001 -23"><span class='ocrx_word' id='word_1_198' title='bbox 231 3415 374 3498; x_wconf 81' lang='lat' dir='ltr'>grando,</span> <span class='ocrx_word' id='word_1_199' title='bbox 412 3416 505 3478; x_wconf 89' lang='lat' dir='ltr'>simul</span> <span class='ocrx_word' id='word_1_200' title='bbox 541 3415 637 3478; x_wconf 88' lang='lat' dir='ltr'>variis</span> <span class='ocrx_word' id='word_1_201' title='bbox 672 3416 815 3501; x_wconf 89' lang='lat' dir='ltr'>undique</span> <span class='ocrx_word' id='word_1_202' title='bbox 848 3414 998 3501; x_wconf 90' lang='lat' dir='ltr'>procellis</span> <span class='ocrx_word' id='word_1_203' title='bbox 1031 3415 1142 3480; x_wconf 91' lang='lat' dir='ltr'>incerti</span> 
     </span>
     <span class='ocr_line' id='line_1_31' title="bbox 230 3518 1140 3604; baseline 0.002 -24"><span class='ocrx_word' id='word_1_204' title='bbox 230 3519 344 3582; x_wconf 90' lang='lat' dir='ltr'>fluctus</span> <span class='ocrx_word' id='word_1_205' title='bbox 376 3525 582 3604; x_wconf 88' lang='lat' dir='ltr'>prospectum</span> <span class='ocrx_word' id='word_1_206' title='bbox 614 3518 771 3600; x_wconf 82' lang='lat' dir='ltr'>adimere,</span> <span class='ocrx_word' id='word_1_207' title='bbox 804 3519 949 3602; x_wconf 89' lang='lat' dir='ltr'>regimen</span> <span class='ocrx_word' id='word_1_208' title='bbox 980 3519 1140 3604; x_wconf 71' lang='lat' dir='ltr'>inpedire,</span> 
     </span>
    </p>
   </div>
   <div class='ocr_carea' id='block_1_5' title="bbox 0 0 1254 4010">
    <p class='ocr_par' dir='ltr' id='par_1_7' title="bbox 0 0 1254 4010">
     <span class='ocr_line' id='line_1_32' title="bbox 0 0 1254 4010; baseline 0 3"><span class='ocrx_word' id='word_1_209' title='bbox 0 0 1254 4010; x_wconf 95' lang='lat' dir='ltr'> </span> 
     </span>
    </p>
   </div>
  </div>
 </body>
</html>
