2482 4014
266 348 304 388 AB
318 347 444 388 EXOESSU
457 348 522 388 DIVI
535 347 663 388 AUGUSTI
675 348 707 388 Π
720 347 805 388 b'l-dd.
932 343 987 400 201

141 505 194 570 59.
225 503 275 570 Ae
296 506 380 598 ¹forte
403 506 466 570 illis
490 505 604 572 diebus
627 507 770 572 oblatum
788 505 917 572 Caesari
933 529 989 570 an-

76 632 153 696 ceps
183 611 360 696 periculum
390 611 480 675 auxit
507 632 591 675 vana
618 610 756 676 rumoris
778 612 990 696 praebuitque

75 716 138 801 ipsi
160 717 329 780 materiem
352 736 408 779 our
427 714 586 780 amicitiae
603 715 865 798 constantiaeque
881 714 990 780 Seiani

74 819 178 903 magis
192 819 318 885 fideret.
350 820 563 884 vescebantur
578 819 612 882 in
626 818 712 900 villa,
730 818 780 883 cui
796 819 989 885 vocabulum

76 924 268 1008 Speluncae,
292 944 381 987 mare
396 923 635 989 Amunclanum
657 924 742 988 inter
765 929 797 988 et
814 925 1011 990 Fundanoso

74 1034 212 1112 montes,
242 1029 350 1093 nativo
373 1027 408 1092 in
430 1048 539 1113 specu.
585 1027 653 1092 eius
676 1049 711 1090 os
735 1028 832 1112 lapsis
854 1036 988 1114 repente

75 1133 161 1198 saxis
192 1132 299 1198 obruit
327 1132 485 1216 quosdam
512 1131 693 1196 ministros:
722 1131 797 1198 hino
826 1139 932 1198 metus
956 1136 988 1198 in

76 1257 189 1301 omnes
213 1241 245 1300 et
262 1236 340 1320 fuga
355 1255 477 1317 eorum,
501 1235 554 1320 qui
572 1235 756 1302 convivium
772 1237 988 1303 celebrabant.

75 1341 210 1408 Seianus
241 1360 327 1426 genu
358 1341 511 1425 vultuque
542 1345 574 1404 et
602 1340 749 1405 manibus
779 1363 876 1426 super
906 1341 989 1406 an-

76 1466 180 1510 sarem
200 1465 373 1530 suspensus
391 1443 543 1528 opposuit
557 1464 629 1508 sese
644 1443 870 1526 incidentibus,
892 1451 1024 1528 atquem

74 1550 186 1616 habitu
208 1551 264 1615 tali
285 1556 434 1634 repertus
457 1555 506 1613 est
528 1568 548 1611 a
569 1547 739 1630 militibus,
769 1549 823 1632 qui
845 1549 987 1613 subsidio

75 1663 238 1721 venerant.
283 1655 387 1718 maior
415 1675 458 1719 ex
487 1674 526 1717 eo
554 1661 604 1736 et,
633 1674 828 1738 quamquam
851 1654 989 1718 exitiosa

75 1758 236 1842 suaderet,
258 1765 294 1823 ut
315 1780 380 1824 non
404 1758 453 1823 sui
469 1759 594 1841 anxins,
619 1781 691 1823 cum
706 1758 770 1823 fide
787 1758 987 1823 audiebatur.

74 1863 351 1948 adsimulabatque
366 1862 479 1927 iudicis
494 1867 602 1946 partes
618 1860 791 1927 adversum
804 1861 987 1927 Germanici

74 1959 221 2054 stirpem,
251 1967 386 2034 subditis
415 1966 470 2051 qui
497 1973 720 2031 accusatorum
742 1968 873 2031 nomina
895 1968 1022 2030 susti-rs

73 2079 188 2141 nerent
211 2073 414 2157 maximeque
437 2073 672 2137 insectarentur
690 2072 856 2136 Neronem
878 2072 987 2156 proxi·

73 2199 161 2242 mum
184 2177 380 2242 successioni
403 2181 446 2258 et,
469 2196 661 2260 quamquam
682 2175 830 2240 modesta
846 2177 986 2258 iuventa,

73 2283 263 2368 plerumque
292 2288 402 2346 tamen
430 2281 507 2366 quid
530 2281 842 2366 inpraesentiarum
866 2282 985 2346 condu-

74 2392 162 2451 ceret
177 2385 322 2468 oblitum,
341 2386 417 2450 dum
433 2407 453 2449 a
467 2386 591 2450 libertis
606 2391 639 2450 et
655 2386 825 2451 clientibus
840 2387 986 2471 apiscen-

56 2491 134 2580 ,dae
172 2490 337 2575 potentiae
373 2489 520 2574 properis
557 2491 798 2555 exstimulatur:
843 2497 1023 2556 erectumro

75 2601 105 2659 et
125 2594 281 2660 fidentem
303 2594 402 2661 animi
424 2595 509 2660 velle
532 2596 688 2680 populum
711 2593 904 2678 Romanum,
932 2618 985 2660 cu·

73 2719 150 2782 pere
180 2698 341 2762 exercitus
370 2719 476 2783 neque
505 2719 656 2763 ausurum
686 2706 797 2762 contra
823 2699 984 2789 Seianum,

74 2801 125 2886 qui
154 2823 239 2866 nunc
267 2801 456 2885 patientiam
486 2803 571 2867 senis
602 2808 635 2866 et
661 2803 833 2886 segnitiam
860 2804 984 2869 iuvenis

74 2905 164 2968 iuxta
186 2905 329 2968 insultet.

136 3011 189 3074 60.
221 3009 314 3074 Haec
343 3016 439 3093 atque
468 3010 545 3074 talia
577 3010 721 3076 audienti
750 3011 831 3075 nihil
853 3013 983 3096 quidem

72 3135 191 3199 pravae
221 3113 443 3197 cogitationis,
473 3113 531 3178 sed
553 3114 715 3180 interdum
744 3137 841 3181 voces
870 3138 984 3201 prooe-

73 3219 193 3283 debant
216 3224 419 3284 contumaces
442 3224 475 3283 et
496 3219 714 3305 inconsultae,
743 3243 822 3306 quas
845 3223 984 3307 adpositi

74 3322 225 3387 custodes
248 3328 402 3408 exceptas
424 3329 597 3409 auctasque
615 3346 687 3390 cum
704 3325 866 3391 deferrent
878 3346 983 3409 neque

73 3427 248 3492 defendere
273 3426 402 3492 daretur
425 3427 572 3494 diversae
587 3429 717 3513 insuper
734 3428 1005 3494 sollicitudinums

74 3530 194 3596 formae
217 3530 411 3594 oriebantur.
453 3553 528 3595 nam
552 3532 632 3595 alius
656 3553 823 3597 occursum
846 3534 914 3597 eius
936 3534 982 3599 vi-
