2498 4010
234 289 271 348 30
563 296 702 337 CORNELII
714 296 811 336 usam

233 473 289 516 cur
318 451 465 516 venerint
493 452 590 535 legati
621 453 739 537 aperit;
773 455 821 518 ius
849 455 1021 539 legationis
1044 461 1139 540 atque

231 557 330 642 ipsius
352 556 464 632 Planci
486 576 619 640 gravem
636 561 675 624 ‚et
697 557 880 622 inmeritum
903 579 1021 640 casum,
1045 559 1139 623 simul

231 668 385 747 quantum
408 660 575 727 dedecoris
598 660 714 727 adierit
734 662 822 744 legio
846 661 983 727 facunde
1009 663 1142 727 misera-

196 791 221 830 so
231 773 283 830 tur
305 765 504 850 attonitaque
531 765 633 848 magis
655 785 751 848 quam
774 765 882 850 quieta
913 765 1064 832 contione
1095 767 1141 832 le-

232 879 325 954 gatos
346 868 508 955 praesidio
533 869 735 934 auxiliarium
759 871 903 954 equitum
927 870 1068 937 dimittit.

297 975 349 1038 40.
365 973 426 1038 ,Εο
450 973 483 1038 iu
505 979 595 1038 metu
616 993 753 1058 arguere
771 974 1000 1041 Germanicum
1017 998 1140 1060 omnes,

232 1079 319 1164 quod
349 1098 415 1142 non
446 1077 489 1160 ad
528 1077 728 1162 superiorem
765 1079 944 1144 exercitum
977 1086 1140 1165 pergeret,

232 1183 287 1247 ubi
317 1181 470 1267 obsequia
499 1189 531 1246 et
561 1188 672 1247 contra
699 1182 828 1247 rebellis
858 1183 1030 1248 auxilium:
1063 1184 1140 1248 satis

232 1307 391 1371 superque
421 1284 573 1349 missione
596 1291 630 1349 et
657 1286 794 1370 pecunia
817 1291 850 1350 et
881 1285 1032 1351 mollibus
1063 1308 1140 1353 eon·

211 1391 324 1460 ssultis
346 1396 524 1476 peccatum.
554 1390 608 1456 vel
629 1389 657 1453 si
672 1389 743 1454 vilis
765 1390 828 1474 ipsi
843 1391 938 1473 salus,
961 1411 1018 1455 cur
1039 1389 1141 1455 filium

231 1496 409 1580 parvulum,
433 1499 489 1557 cur
512 1493 682 1577 coniugem
704 1493 789 1557 inter
811 1493 954 1558 furentes
981 1501 1014 1559 et
1036 1496 1141 1559 omnis

231 1600 362 1666 humani
385 1599 462 1663 iuris
477 1598 651 1664 violatores
673 1597 829 1662 haberet?
852 1598 925 1664 illos
940 1599 1055 1663 saltem
1078 1621 1139 1666 avo

232 1717 264 1770 et
295 1705 343 1769 rei
372 1703 519 1788 publicae
548 1700 710 1766 redderet.
757 1703 811 1766 diu
840 1710 1004 1768 cunctatus
1032 1724 1141 1788 asper-

231 1816 361 1874 nantem
392 1829 546 1890 uxorem,
578 1827 650 1871 cum
683 1827 718 1870 se
750 1806 824 1870 divo
855 1806 1004 1890 Augusto
1037 1814 1140 1872 ortam

196 1934 335 1997 roreque
351 1912 546 1995 degenerem
562 1910 604 1976 ad
618 1910 760 1995 pericula
775 1917 956 1992 testaretur,
972 1916 1138 1995 postremo

229 2017 330 2100 ipsam
346 2021 379 2080 et
395 2035 598 2079 communem
620 2014 721 2078 filium
744 2015 844 2079 multo
862 2036 933 2079 cum
957 2016 1034 2080 fletu
1051 2037 1140 2081 com·

228 2121 344 2205 plexus
366 2126 402 2184 ut
425 2119 527 2183 abiret
549 2119 698 2204 perpulit.
735 2119 907 2184 incedebat
928 2119 1086 2184 muliebre
1109 2125 1141 2183 et

231 2225 410 2290 miserabile
433 2244 567 2306 agmen,
589 2223 727 2308 profuga
751 2223 853 2307 ducis,
876 2223 1045 2308 parvulum
1068 2223 1140 2288 sinn

229 2352 363 2415 gerens,
392 2328 604 2392 lamentantes
628 2327 745 2391 circum
776 2327 950 2391 amicorum
975 2326 1139 2410 coniuges,

196 2455 311 2518 15quae
343 2433 436 2496 simul
464 2430 690 2512 trahebantur,
721 2451 782 2494 nec
813 2430 917 2495 minus
946 2430 1055 2495 tristes
1085 2433 1140 2516 qui

229 2538 411 2602 manebant.

295 2643 346 2706 41.
379 2635 455 2705 Non
491 2639 634 2706 florentis
673 2638 820 2705 Caesaris
861 2660 967 2724 neque
1005 2642 1070 2706 suis
1107 2642 1140 2705 in

230 2747 351 2830 castris,
374 2753 425 2811 set
446 2747 535 2811 velut
557 2746 591 2808 in
612 2745 693 2809 urbe
709 2745 794 2809 victa
815 2743 914 2809 facies
935 2745 1139 2830 gemitusque

228 2873 265 2916 ac
280 2853 426 2937 planctus
446 2850 542 2916 etiam
559 2849 695 2914 militum
712 2869 807 2914 aures
824 2869 943 2933 oraque
958 2848 1139 2916 advertere.

229 2956 298 3040 quis
321 2957 375 3020 ille
397 2954 512 3018 flebilis
535 2954 656 3019 sonus?
680 2953 757 3036 quid
780 2961 845 3017 tam
867 2953 981 3016 triste?
1004 2953 1139 3018 feminas

206 3062 375 3132 5inlustres
396 3057 475 3140 (non
493 3057 712 3122 centurionem
734 3055 776 3120 ad
798 3056 942 3140 tutelam,
965 3078 1031 3122 non
1055 3059 1139 3122 mili-

226 3173 301 3248 tem,
320 3164 398 3228 nibil
414 3161 639 3247 imperatoriae
654 3162 765 3226 uxoris
781 3168 836 3225 aut
853 3161 1021 3226 comitatus
1037 3162 1137 3245 soliti)

225 3290 363 3355 pergere
386 3267 428 3330 ad
442 3267 612 3330 Treveros.
658 3271 812 3330 externae
834 3265 911 3330 fidoi
933 3264 1040 3349 pudor
1061 3264 1138 3330 inde

226 3383 258 3440 et
280 3373 441 3438 miseratio
466 3378 499 3436 et
521 3371 620 3457 patris
633 3368 810 3456 Agrippae,
831 3369 973 3455 Augusti
994 3371 1046 3435 avi
1069 3393 1137 3436 me-

225 3478 343 3559 moria,
359 3497 451 3540 socer
460 3457 602 3557 Drusus,
617 3475 687 3558 ipsa
702 3475 867 3558 praeclara
881 3474 1053 3560 pudicitia3
1072 3475 1137 3538 iam
