2482 4014
284 310 321 349 ΑΒ
335 309 460 350 Excussa
474 310 539 350 DIVI
551 309 679 350 AUGUSTI
690 310 722 349 1v
736 311 820 350 55-5‘1.
947 308 1003 364 199

155 469 210 532 56.
241 466 287 533 At
301 468 472 552 Zmyrnaei
494 469 634 552 repetita
652 476 824 552 vetustate,
847 492 905 534 seu
920 471 1003 535 Tan-

89 571 174 636 talus
190 571 270 638 Iove
295 578 384 636 ortus
403 572 470 636 sive
486 571 631 638 Theseus
647 573 757 638 divina
772 581 805 638 et
819 575 889 660 ipse
905 576 1004 660 stirpe

89 676 159 740 sive
182 697 247 740 una
260 673 460 741 Amazonum
484 676 691 759 condidisset,
715 678 943 742 transcendero
963 677 1005 742 ad

90 802 130 845 ea
158 781 231 866 quis
258 783 399 846 maxime
425 781 567 846 fidebant
589 782 623 846 in
646 784 802 867 populum
822 781 1005 848 Romanum

89 886 214 969 officiis,
236 887 333 951 missa
354 887 459 952 navali
483 887 577 972 eopia
598 908 663 952 non
685 886 783 952 modo
807 896 940 952 externa
964 886 1027 950 ads

89 991 178 1057 bella
200 991 258 1056 sed
281 1014 363 1078 quae
386 992 420 1057 in
441 992 536 1056 Italia
558 991 793 1073 tolerabantur3
821 1011 920 1074 saque
942 991 1005 1074 pri·

89 1117 160 1161 mos
190 1096 344 1181 templum
366 1096 454 1161 urbis
476 1095 600 1160 Romae
624 1094 790 1176 statuisse,
820 1094 864 1158 M.
887 1093 1004 1158 Porcio

90 1201 235 1282 consule,
257 1200 381 1284 magnis
397 1198 527 1284 quidem
541 1200 605 1263 iam
620 1199 733 1283 populi
746 1197 885 1263 Romani
899 1198 1006 1280 rebus,

90 1305 235 1370 nondum
256 1310 365 1368 tamen
388 1303 429 1368 ad
453 1325 610 1368 summum
633 1302 743 1384 elatis,
773 1308 878 1368 stante
901 1302 1007 1366 adhue

90 1409 214 1474 Punioa
235 1409 315 1474 urbe
339 1415 372 1475 et
394 1408 509 1472 validis
531 1429 591 1492 por
604 1406 717 1470 Asiam
734 1407 874 1492 regibus.
912 1407 1007 1472 simul
1017 1430 1042 1468 10

90 1513 129 1578 L.
152 1513 274 1578 Sullam
297 1518 415 1578 testem
436 1511 642 1576 adferebant:
672 1511 862 1595 gravissimo
885 1512 918 1577 in
943 1512 1006 1576 dis·

92 1617 224 1682 crimine
244 1618 408 1682 exereitus
432 1617 473 1680 ob
496 1617 704 1701 asperitatem
725 1615 839 1680 hiemis
858 1620 891 1680 et
906 1635 1008 1700 panu-

89 1722 172 1786 riam
194 1721 303 1802 restis,
327 1742 398 1784 oum
420 1720 454 1785 id
469 1720 641 1802 Zmyrnam
663 1719 696 1784 in
720 1719 904 1784 contionem
926 1741 1006 1785 nun·

89 1825 205 1888 tiatum
226 1823 320 1906 foret,
344 1844 453 1888 omnes
478 1824 532 1907 qui
554 1823 724 1888 adstabant
740 1823 920 1889 detraxisse
936 1846 1006 1908 eor·

90 1927 164 2012 pori
193 1927 335 2010 tegmina
364 1927 546 2011 nostrisque
576 1928 759 2010 legionibus
781 1927 918 1992 misisse.
963 1927 1041 1992 11111

89 2031 197 2114 rogati
228 2031 422 2094 sententiam
450 2039 558 2115 patres
587 2031 784 2115 Zmyrnaeos
813 2032 1006 2117 praetulere.

90 2134 280 2218 censuitque
301 2134 417 2200 Vibius
439 2137 575 2218 Marsus,
598 2143 635 2199 ut
653 2133 708 2200 M’.
731 2135 870 2220 Lepido,
889 2136 944 2199 oni
967 2157 1006 2200 ea

90 2238 258 2324 provincia
287 2240 478 2321 obvenerat,
510 2261 607 2324 super
635 2261 805 2304 numerum
834 2239 1006 2323 legaretur,

90 2343 145 2427 qui
177 2342 290 2427 templi
321 2364 430 2408 euram
461 2343 649 2428 susciperet.
695 2351 727 2408 et
759 2344 835 2428 quia
862 2342 1006 2428 Lepidus

89 2447 159 2530 ipse
184 2445 328 2531 deligere
351 2468 410 2531 per
433 2447 626 2512 modestiam
649 2449 827 2530 abnuebat,
856 2448 1006 2514 Valerius
1017 2474 1043 2514 so

89 2549 179 2616 Naso
204 2572 221 2615 e
245 2552 414 2636 praetoriis
439 2560 525 2618 sorte
550 2553 665 2618 missus
686 2561 746 2618 est.

156 2657 208 2720 57.
239 2655 330 2720 Inter
359 2677 441 2741 quae
465 2655 521 2720 diu
543 2655 698 2720 meditato
722 2655 912 2742 prolatoque
936 2678 1006 2721 sae·

90 2761 164 2845 pius
188 2760 322 2824 oonsilio
345 2760 450 2824 tendit
473 2759 593 2824 Caesar
616 2760 648 2824 in
670 2759 877 2844 Campaniam
899 2761 1006 2844 speeie

90 2863 265 2929 dedicandi
286 2866 410 2950 templa
437 2865 524 2950 apud
549 2864 692 2950 Capuam
714 2865 802 2946 Iovi,
832 2864 1007 2948 111111111-

89 2969 156 3032 lam
187 2968 356 3053 Augusto,
391 2967 449 3033 sed
481 2975 587 3033 sertus
618 2967 732 3052 procul
762 2969 842 3032 urbe
875 2967 1006 3052 degere.

90 3092 220 3136 oausam
236 3072 401 3136 abscessus
418 3092 609 3156 quamquam
625 3079 754 3137 seeutus
768 3072 922 3157 plurimos
934 3092 1028 3135 auo-a
1121 3117 1125 3126 .

90 3183 199 3240 torum
221 3176 263 3240 ad
285 3176 394 3242 Seiani
416 3182 502 3242 artes
524 3178 650 3259 rettuli,
681 3178 756 3261 quia
777 3184 885 3242 tamen
907 3174 1006 3240 caede

91 3280 161 3344 eius
192 3285 317 3363 patrata
344 3301 403 3344 sex
426 3286 540 3366 postea
562 3303 664 3347 annos
686 3281 757 3365 pari
779 3285 905 3346 seereto
930 3301 1006 3344 oon·

90 3384 198 3448 iunxit
219 3382 424 3467 plerumque,
452 3405 551 3448 unum
573 3385 614 3448 ad
636 3385 741 3469 ipsum
765 3384 878 3449 referri
899 3383 1007 3448 verius

90 3489 142 3572 sit,
174 3487 341 3552 saevitiam
369 3509 406 3552 ao
435 3488 601 3552 libidinem
626 3510 698 3552 oum
720 3488 812 3552 faotis
834 3496 1007 3572 promeret,
