2444 4010
250 285 305 342 166
578 284 827 326 conumnramrr

248 451 397 535 dempsit.
444 447 618 513 memoriae
641 446 739 510 Drusi
769 445 883 510 eadem
913 466 996 529 quae
1021 447 1056 508 in
1079 443 1153 510 Ger·

246 557 406 619 manioum
431 553 648 618 decernuntur
670 551 833 637 plerisque
856 549 985 632 additis,
1006 556 1045 613 ut
1060 549 1153 613 ferme

246 666 332 722 amat
354 657 514 742 posterior
537 641 691 724 adulatio.
728 655 823 718 funus
845 655 1023 737 imaginum
1042 675 1155 738 pompa

212 764 385 828 1⁰maxime
408 761 540 826 inlustre
564 761 634 840 fuit,
657 781 730 824 oum
746 760 836 844 origo
853 758 955 824 Iuliae
971 760 1080 843 gentis
1095 757 1155 822 Ae·
1212 747 1213 800 ἕ

245 888 322 931 neas
344 886 520 950 omnesque
535 863 737 928 Albanorum
751 885 846 948 reges
862 869 897 927 et
911 863 1062 927 eonditor
1075 861 1156 926 urbis
1212 853 1213 934 ζ

244 971 421 1052 Romulus,
452 975 526 1053 post
554 968 673 1033 Sabina
700 969 867 1052 nobilitas,
896 966 995 1033 Attus
1024 967 1156 1032 Clausus
1212 971 1213 1028 1

246 1080 436 1156 ceteraeque
454 1073 662 1137 Claudiorum
684 1072 808 1156 effigies
824 1075 922 1155 longo
939 1071 1053 1136 ordine
1071 1093 1156 1156 spee—

246 1184 398 1243 tarentur.
1212 1161 1213 1196 ³

312 1284 362 1346 10.
393 1281 432 1346 In
461 1281 619 1346 tradenda
648 1289 752 1346 morte
775 1280 874 1344 Drusi
903 1300 985 1363 quae
1015 1277 1156 1362 plurimis
1212 1311 1213 1363 ,

245 1389 469 1472 maximaeque
492 1386 568 1452 fidei
590 1386 774 1452 auctoribus
798 1391 976 1450 memorata
998 1389 1075 1446 sunt
1097 1389 1156 1447 ret·
1212 1365 1213 1379 ¹

243 1491 318 1571 tuli;
349 1497 399 1556 set
425 1512 490 1556 non
515 1491 676 1556 omiserim
699 1488 876 1554 eorundem
898 1494 1087 1571 tempomm
1107 1507 1156 1550 ru·

245 1617 369 1661 morem
390 1595 533 1659 validum
556 1595 638 1660 adeo
662 1601 698 1658 ut
713 1593 858 1657 nondum
873 1592 1051 1656 exolescat.
1091 1612 1156 1654 oor-
1212 1579 1213 1644 i

224 1706 340 1786 erupta
372 1699 414 1763 ad
447 1700 551 1764 scelus
584 1698 676 1762 Livia
707 1697 859 1762 Seianum
890 1695 998 1778 Lygdi
1032 1715 1158 1780 quoque
1212 1655 1213 1742 i

244 1803 386 1868 animum
407 1801 560 1883 vinxisse,
583 1801 670 1887 quod
693 1805 800 1866 aetate
822 1807 919 1884 atque
941 1799 1045 1862 forma
1069 1819 1158 1862 oarus

245 1907 376 1971 domino
399 1907 546 1990 interque
569 1906 725 1989 primores
747 1904 910 1968 ministros
932 1910 1015 1985 erat3
1041 1902 1159 1966 deinde

244 2011 329 2074 inter
351 2011 496 2074 oonseios
518 2011 574 2075 ubi
597 2010 688 2073 loeus
709 2008 855 2074 venefioii
875 2015 1068 2092 tempusque
1085 2027 1158 2071 eon·

245 2115 351 2198 posita
374 2115 452 2195 sint,
482 2133 522 2177 eo
545 2113 699 2178 audaoiae
722 2117 929 2196 proveetum,
958 2115 994 2174 ut
1016 2117 1159 2175 verteret
1212 2145 1213 2207 ,

210 2226 278 2283 1oet
307 2219 432 2283 occulto
459 2217 578 2281 iudioio
601 2217 743 2281 Drusum
764 2215 881 2279 veneni
904 2214 937 2277 in
959 2219 1088 2298 patrem
1110 2236 1157 2278 ar·

243 2343 346 2405 guens
361 2329 510 2386 moneret
523 2322 699 2399 Tiberium,
714 2320 879 2384 vitandam
894 2319 1063 2405 potionem
1079 2339 1159 2405 quae
1212 2363 1213 2394 ,

243 2426 347 2510 prima
369 2432 447 2511 aput
464 2427 564 2490 filium
581 2425 724 2510 epulanti
741 2425 922 2490 offerretur.
953 2424 1070 2490 fraude
1087 2446 1158 2509 oap-
1212 2403 1213 2462 l

243 2536 313 2594 tum
328 2552 448 2612 senem,
462 2539 633 2617 postquam
647 2531 829 2595 convivium
843 2530 968 2611 inierat,
984 2538 1158 2616 exceptum
1212 2565 1213 2606 ,

244 2634 395 2719 pedulum
418 2634 525 2699 Druso
556 2634 741 2725 tradidisse3
773 2642 870 2719 atque
900 2634 957 2700 illo
986 2634 1102 2718 ignaro
1129 2641 1158 2698 et
1212 2639 1213 2679 l

209 2768 235 2807 15
244 2739 426 2804 iuveniliter
437 2740 604 2804 hauriente
616 2747 743 2804 auctam
755 2739 980 2824 suspicionem,
995 2745 1157 2823 tamquam
1212 2787 1213 2828 ,

243 2850 332 2908 metu
361 2849 394 2908 et
419 2843 544 2927 pudore
566 2843 696 2908 sibimet
717 2843 882 2926 inrogaret
904 2850 1044 2906 mortem
1067 2863 1159 2927 quam

247 2949 331 3033 patri
353 2954 526 3014 struxerat.
1212 2943 1213 3010 l

312 3055 361 3116 11.
392 3052 484 3116 Haeo
509 3052 608 3135 vulgo
633 3051 759 3133 iaetata,
783 3071 880 3136 super
902 3049 936 3113 id
958 3049 1048 3135 quod
1070 3049 1158 3114 nullo
1212 3019 1213 3099 i

244 3160 376 3219 auetore
393 3159 481 3218 oerto
496 3153 671 3235 firmantur,
687 3159 838 3239 prompte
853 3153 1057 3218 refutaveris.
1088 3153 1159 3237 quis

244 3261 331 3324 enim
357 3257 513 3323 mediocri
536 3258 721 3342 prudentia,
750 3257 870 3323 nedum
892 3256 1040 3321 Tiberius
1062 3255 1158 3319 tantis

245 3363 340 3426 rebus
372 3363 552 3444 exereitus,
583 3362 727 3428 inaudito
758 3362 824 3428 filio
860 3361 996 3425 exitium
1029 3360 1158 3425 offerret

224 3464 342 3548 aidque
376 3487 433 3528 sua
463 3488 559 3531 manu
592 3475 624 3530 et
655 3467 742 3532 nullo
775 3467 818 3530 ad
848 3465 1077 3551 paenitendum
1109 3485 1158 3528 re·
