2444 4010
206 303 262 358 152
532 309 783 349 counnnnnacrrr

205 464 363 549 tegenda,
387 465 446 530 sed
469 487 582 530 omnes
605 466 806 549 consulares,
827 487 944 550 magna
967 489 1042 554 pars
1064 467 1116 552 qni
1208 433 1209 474 ἶ

206 577 356 652 praetura
377 569 478 634 functi
501 570 655 654 multique
683 571 781 635 etiam
804 571 929 654 pedarii
951 578 1116 636 senatores

170 697 197 736 1o
206 675 352 739 certatim
370 682 584 757 exsurgerent
598 673 760 758 foedaque
776 681 809 738 et
823 675 923 738 nimia
939 680 1118 740 censerent.

205 778 383 843 memoriae
398 777 547 861 proditur
560 776 737 860 Tiberium,
756 779 906 862 quotiens
923 781 1012 844 curis
1025 799 1118 864 egre·

207 883 352 965 deretur,
385 884 518 948 Graecis
548 882 655 947 verbis
684 883 718 945 in
745 883 831 946 hunc
854 882 987 947 modum
1012 884 1120 968 eloqui

207 989 336 1052 solitum
366 1009 396 1070 ,o
418 986 565 1052 homines
589 985 630 1050 ad
653 987 843 1052 servitutem
866 984 1025 1070 paratosl‘
1059 987 1118 1052 sci-

205 1093 282 1156 licet
304 1093 403 1156 etiam
425 1091 525 1172 illum,
548 1092 603 1176 qui
625 1091 807 1156 libertatem
827 1091 989 1177 publicam
1007 1094 1120 1175 nollet,

172 1217 198 1256 15
206 1205 271 1264 tam
293 1196 691 1282 proiectae'servientium
713 1197 889 1279 patientiae
912 1195 1077 1260 taedebat.

272 1301 323 1366 66.
353 1301 515 1364 Paulatim
547 1299 663 1364 dehinc
692 1300 732 1364 ab
755 1298 915 1366 indecoris
938 1299 981 1362 ad
1003 1300 1121 1364 infesta

206 1405 533 1489 transgrediebantur.
570 1404 606 1468 O.
623 1404 767 1469 Silanum
786 1426 845 1488 pro
862 1405 994 1470 consule
1009 1404 1121 1487 Asiae,

206 1509 457 1595 repetundarum
493 1529 512 1572 a
548 1508 643 1572 sociis
679 1511 897 1593 postulatum,
938 1511 1121 1576 Mamercus

207 1614 345 1678 Scaurus
380 1634 398 1678 e
432 1612 668 1695 consularibus,
706 1613 819 1678 Iunius
854 1613 940 1679 Otho
978 1620 1121 1698 praetor,

186 1718 395 1785 sBruttedius
417 1719 520 1801 Niger
551 1717 664 1783 aedilis
691 1718 787 1784 simul
810 1719 987 1803 corripiunt
1014 1718 1121 1783 obiec-

207 1829 338 1908 tantque
368 1823 524 1888 violatum
553 1820 695 1906 Augusti
726 1843 862 1903 numen,
900 1829 1041 1906 spretam
1068 1823 1120 1887 Ti·

207 1928 288 1993 berii
310 1928 521 2010 maiestatem,
544 1930 726 1994 Mamercus
748 1928 880 2012 antiqua
902 1930 1053 2012 exempla
1072 1930 1117 1993 ia·

208 2033 311 2112 ciens,
339 2031 377 2096 L.
402 2031 531 2096 Cottam
554 2055 573 2096 a
595 2033 745 2118 Scipione
768 2031 938 2115 Africano,
969 2033 1118 2098 Servium

210 2135 347 2202 Galbam
358 2157 378 2200 a
388 2136 511 2201 Catone
525 2137 681 2220 censorio,
696 2138 734 2201 P.
745 2135 902 2200 Rutilium
913 2136 986 2200 aM.
995 2137 1118 2202 Scauro

175 2267 199 2306 1o
208 2249 384 2306 accusatos.
421 2243 574 2306 videlicet
596 2242 706 2327 Scipio
729 2247 763 2306 et
780 2241 859 2305 Cato
884 2243 962 2306 talia
983 2242 1120 2308 ulcisce-

209 2347 324 2410 bantur
355 2353 411 2409 aut
441 2347 496 2410 ille
525 2346 678 2427 Scaurus,
711 2367 808 2431 quem
840 2365 997 2429 proavum
1027 2367 1121 2410 suum

210 2448 417 2532 obprobrium
439 2449 597 2514 maiorum
619 2450 729 2514 infami
752 2470 850 2533 opera
874 2448 1121 2514 dehonestabat.
1208 2509 1209 2532 ,

210 2553 331 2618 Othoni
353 2554 545 2620 litterarium
566 2555 678 2620 ludum
699 2575 855 2620 exercere
870 2562 963 2620 vetus
981 2577 1033 2619 ars
1046 2554 1121 2619 fuit:

209 2679 288 2723 mox
303 2658 411 2724 Seiani
434 2660 579 2744 potentia
601 2665 733 2724 senator
751 2659 886 2724 obseura
907 2658 1000 2722 initia
1016 2660 1120 2744 impu-

175 2762 359 2828 ledentibus
375 2765 460 2828 ausis
473 2764 689 2848 propellebat.
712 2763 918 2828 Bruttedium
930 2762 1051 2827 artibus
1063 2764 1120 2827 ho-

209 2869 308 2932 nestis
332 2869 499 2954 copiosum
522 2874 571 2950 et,
603 2870 629 2932 si
652 2875 777 2933 rectum
799 2868 863 2932 iter
884 2871 1051 2952 pergeret,
1082 2865 1121 2930 ad

210 2972 386 3036 clarissima
422 2993 568 3058 quaeque
603 2973 721 3038 iturum
752 2973 914 3037 festinatio
934 2970 1120 3062 ⁸<adimule-

209 3079 280 3160 bat,
318 3076 393 3142 dum
424 3077 583 3161 aequalis,
617 3077 692 3141 dein
725 3077 924 3161 superiores,
956 3081 1120 3160 postremo

211 3189 352 3247 suasmet
389 3182 459 3267 ipse
496 3201 570 3265 spes
603 3182 707 3245 antire
740 3185 848 3265 parat:
890 3178 976 3264 quod
1006 3179 1122 3243 multos

177 3287 310 3350 aetiam
325 3286 430 3350 bonos
444 3305 575 3369 pessum
591 3283 689 3365 dedit,
712 3284 767 3368 qui
783 3283 908 3369 spretis,
932 3303 1015 3366 quae
1030 3281 1122 3345 tarda

213 3411 286 3454 cum
308 3389 498 3470 securitate,
525 3394 729 3472 praemature
751 3388 808 3455 vel
828 3409 901 3453 oum
924 3387 1024 3452 exitio
1047 3407 1121 3471 pro·

217 3497 341 3576 perant.
