2482 4014
214 297 269 353 198
543 301 793 344 oonunnnriorrr

278 463 329 526 55.
362 461 428 527 Sed
445 461 573 539 ansar,
597 482 659 545 quo
682 461 801 524 famam
819 466 990 541 averteret,
1011 461 1128 526 adesse

211 567 362 652 frequens
398 565 522 630 senatui
555 565 743 649 legatosque
774 563 891 646 Asiae,
925 565 1130 649 ambigentes

212 693 350 756 quanam
377 671 411 735 in
442 671 570 735 civitate
599 669 756 754 templum
785 674 996 750 statueretur,
1026 669 1129 754 pluris
1239 705 1240 728 1

211 797 270 861 per
298 775 368 840 dies
398 774 530 840 audivit.
574 774 725 838 undecim
751 773 847 838 urbes
870 771 1037 838 certabant
1057 772 1130 857 pari
1239 803 1240 822 κ

190 879 404 962 cambitione,
433 879 555 943 viribus
586 876 741 942 diversae.
786 898 892 961 neque
917 877 1054 942 multum
1077 877 1128 940 di·
1239 919 1240 966 3

211 982 328 1047 stantia
350 984 436 1046 inter
458 1001 493 1045 se
516 981 738 1045 memorabant
755 978 795 1045 de
810 986 971 1046 vetustate
987 983 1128 1065 generis,
1239 1025 1240 1056 2

211 1087 317 1152 studio
348 1087 380 1150 in
404 1086 561 1170 populum
583 1084 766 1149 Romanurn
789 1105 849 1168 per
870 1084 957 1149 bella
977 1085 1069 1150 Persi
1095 1091 1129 1150 et

210 1189 386 1254 Aristonici
409 1189 609 1272 aliorumque
632 1208 756 1271 regum.
795 1209 909 1253 verum
929 1190 1129 1274 Hypaepeni
1239 1167 1240 1236 l

211 1295 427 1379 Trallianique
449 1293 642 1358 Laodicenis
665 1313 702 1356 ac
719 1292 922 1378 Magnetibus
944 1294 1042 1358 simul
1060 1300 1128 1358 tra·
1239 1305 1240 1324 ¹

178 1400 299 1463 1⁰missi
320 1404 357 1462 ut
379 1420 492 1484 parurn
511 1398 627 1479 validi3
656 1419 697 1462 ne
719 1396 855 1461 Ilienses
879 1396 1024 1482 quidem,
1054 1419 1129 1463 curn
1239 1431 1240 1488 y

211 1510 379 1589 parentem
412 1503 499 1568 urbis
532 1502 659 1568 Romae
692 1503 822 1566 Troiam
856 1503 1032 1585 referrent,
1064 1505 1129 1568 nisi

212 1607 409 1692 antiquitatis
441 1607 544 1692 gloria
573 1607 749 1692 pollebant.
795 1610 927 1692 paulum
956 1608 1128 1674 addubita-

212 1718 297 1794 tum,
331 1710 418 1796 quod
449 1711 664 1776 Halicarnasii
695 1712 783 1776 mille
816 1718 849 1777 et
881 1713 1037 1777 ducentos
1066 1733 1130 1796 per
1239 1717 1240 1742 ¹

212 1837 313 1880 annos
335 1815 423 1879 nullo
446 1820 537 1880 motu
559 1819 665 1879 terrae
688 1817 852 1880 nutavisse
875 1816 970 1881 sedes
991 1837 1063 1879 suas
1079 1817 1129 1882 vi·

177 1939 317 2003 raroque
339 1920 373 1982 in
395 1940 473 1983 saxo
493 1918 704 1983 fundamenta
717 1919 831 2003 templi
846 1919 1129 1985 adseverarerant.

212 2023 431 2108 Pergamenos
459 2045 499 2087 eo
522 2023 592 2106 ipso
618 2020 815 2103 (nitebantur
838 2022 953 2086 aedem
974 2022 1128 2106 Augusto
1239 2039 1240 2110 l

211 2128 255 2192 ibi
271 2127 378 2208 sitam)
395 2129 472 2193 satis
487 2129 624 2210 adeptos
641 2127 807 2192 creditum.
842 2127 976 2212 Ephesii
990 2126 1128 2204 Milesii·
1239 2205 1240 2224 ,

212 2253 285 2316 que,
300 2233 334 2297 hi
350 2233 521 2317 Apollinis,
538 2233 584 2296 illi
598 2232 726 2296 Dianae
743 2231 936 2296 caerimonia
952 2251 1130 2315 occupasse
1239 2239 1240 2242 ’

211 2335 282 2401 risi.
319 2336 365 2399 ita
381 2335 554 2400 Sardianos
577 2336 662 2399 inter
683 2336 944 2419 Zmyrnaeosque
966 2334 1129 2400 delibera·
1239 2369 1240 2374 κ

177 2458 202 2496 20
211 2443 289 2503 tum.
335 2438 482 2502 Sardiani
513 2439 678 2504 decretum
702 2437 852 2502 Etruriae
882 2437 1061 2503 recitavere
1092 2446 1131 2504 ut
1239 2511 1240 2516 ἵ

212 2543 457 2624 consanguinei:
488 2565 562 2608 nam
590 2541 791 2627 Tyrrhenum
819 2541 1009 2626 Lydumque
1037 2540 1128 2626 Atye
1239 2587 1240 2604 r

211 2666 289 2729 rege
319 2647 447 2728 genitos
478 2647 518 2710 ob
548 2645 786 2710 multitudinem
810 2644 955 2710 divisisse
977 2651 1129 2729 gentem;
1239 2669 1240 2672 ¹

210 2750 339 2835 Lydum
354 2750 466 2834 patriis
481 2751 515 2814 in
530 2750 623 2814 terris
637 2749 809 2833 resedisse,
830 2749 998 2834 Tyrrheno
1015 2751 1129 2816 datum

210 2875 311 2920 novas
335 2859 371 2918 ut
393 2853 549 2920 conderet
572 2852 685 2934 sedes;
709 2859 742 2916 et
765 2854 881 2918 ducum
906 2875 924 2918 e
945 2854 1131 2920 nominibus

176 2978 202 3017 2⁵
211 2959 313 3023 indita
334 2958 491 3024 vocabula
508 2957 571 3022 illis
586 2978 645 3042 per
660 2956 783 3041 Asiam,
804 2958 855 3021 his
870 2957 902 3020 in
917 2957 1029 3039 Italia3
1053 2979 1130 3023 auc·

211 3069 340 3146 tamque
353 3062 458 3128 adhuc
471 3062 639 3145 Lydorum
652 3063 849 3146 opulentiam
859 3062 964 3126 missis
976 3063 1010 3126 in
1024 3064 1129 3128 Grae·

212 3169 293 3234 ciam
320 3167 467 3252 populis,
497 3167 548 3231 cui
570 3187 648 3230 mox
670 3187 690 3230 a
712 3166 836 3250 Pelope
857 3187 986 3230 nornen.
1032 3167 1131 3233 simul
1239 3179 1240 3208 ¹

211 3272 335 3337 litteras
350 3271 580 3356 imperatorum
593 3276 626 3334 et
638 3271 702 3336 icta
714 3272 882 3336 nobiscum
892 3269 1027 3335 foedera
1038 3272 1128 3336 bello
1239 3267 1240 3360 J

211 3374 427 3441 Macedonum
442 3375 686 3461 ubertatemque
701 3376 867 3440 fluminum
882 3393 1024 3460 suorum,
1044 3385 1127 3442 tem-

178 3504 203 3542 sc
211 3479 336 3564 perlem
359 3481 438 3545 caeli
461 3502 499 3546 ao
522 3479 606 3545 dites
629 3481 748 3546 circum
770 3487 871 3545 terras
893 3481 1126 3546 memorabant.
