2482 4014
188 329 246 385 250
514 334 764 375 connnnnmcrrr

186 490 308 554 nullam
344 490 490 556 eiusdem
521 491 673 557 virtutem
709 491 893 557 habiturum
924 490 1097 575 praedixit.

152 620 178 658 ao
187 594 281 658 simul
310 594 430 658 crebris
461 615 533 658 cum
561 594 700 659 lacrimis
721 597 879 661 minorem
904 617 945 660 ex
968 595 1098 679 nepoti-

185 700 246 764 bus
267 700 455 783 conplexus,
478 700 559 764 truci
580 700 712 764 alterius
728 702 830 782 vultu,
854 700 993 782 ,occides
1009 700 1098 763 hunc

185 801 231 866 tu‘
254 804 357 888 inquit
387 810 431 886 ,et
452 809 485 868 te
509 801 610 868 alius‘.
655 802 715 868 sed
736 809 947 888 gravescente
971 803 1098 867 valetu-

186 907 260 972 dine
290 907 371 970 nihil
400 928 417 971 e
446 907 633 973 libidinibus
657 908 843 990 omittebat,
875 909 906 972 in
937 908 1097 993 patientia

184 1010 413 1076 firmitudinem
441 1013 593 1077 simulans
618 1014 794 1099 solitusque
828 1012 960 1077 eludere
990 1011 1097 1077 medi-

151 1136 296 1178 cocorum
318 1121 404 1180 artes
427 1121 522 1201 atque
546 1139 618 1198 eos,
643 1118 697 1203 qui
720 1123 793 1202 post
815 1117 1014 1182 tricesimum
1037 1138 1094 1180 ac·

183 1220 258 1282 tatis
288 1240 406 1283 annum
436 1220 478 1284 ad
499 1221 749 1285 internoscenda
771 1221 900 1306 corpori
922 1240 980 1284 suc
1003 1221 1098 1284 utilia

183 1323 238 1387 vol
258 1322 358 1387 noxia
380 1323 477 1387 alieni
500 1324 625 1390 consilii
648 1323 843 1408 indigerent.

249 1426 301 1489 47.
335 1426 470 1490 Interim
489 1426 625 1498 ,Romae
656 1427 773 1492 futuris
810 1429 907 1492 etiam
937 1428 1092 1494 caedibus

185 1531 307 1596 semina
340 1530 550 1596 iaciebantur.
603 1531 732 1596 Laelius
768 1533 890 1597 Balbus
928 1531 1094 1614 Acutiam,

183 1636 220 1699 P.
243 1636 369 1700 Vitellii
392 1636 555 1721 quondam
578 1658 724 1721 uxorem,
748 1637 926 1702 maiestatis
949 1638 1096 1721 postula·

183 1744 289 1821 verat,
320 1752 384 1822 qua
415 1740 565 1806 damnata
597 1763 671 1806 cum
702 1742 885 1826 praemium
917 1741 1098 1806 accusatori

161 1844 428 1927 adecerneretur,
451 1844 563 1909 Iunius
587 1844 673 1909 Otho
696 1844 843 1909 tribunus
864 1844 973 1930 plebei
996 1845 1096 1910 inter·

183 1947 288 2030 cessit,
311 1946 397 2012 unde
412 1949 476 2012 illis
494 1948 577 2032 odia,
601 1969 679 2012 mox
696 1948 818 2013 Othoni
834 1951 979 2015 exitium.
1017 1947 1095 2013 dein

182 2049 359 2133 Albucilla,
383 2052 434 2116 cui
455 2052 695 2116 matrimonium
718 2073 791 2116 cum
813 2052 918 2117 Satrio
938 2051 1093 2117 Secundo

183 2155 412 2220 coniurationis
445 2154 552 2220 indice
589 2155 710 2238 fuerat,
749 2154 893 2220 defertur
928 2157 1096 2241 inpietatis

183 2260 216 2324 in
237 2261 429 2344 principem3
460 2261 710 2325 conectebantur
739 2265 775 2322 ut
798 2260 917 2324 conscii
942 2260 1011 2324 eins
1034 2259 1096 2323 On.

147 2377 174 2417 1⁰
182 2365 354 2447 Domitius,
377 2364 493 2429 Vibius
507 2365 643 2447 Marsus,
665 2364 703 2429 L.
720 2363 904 2429 Arruntius.
941 2363 980 2428 de
1000 2363 1095 2428 clari-

182 2468 294 2534 tudine
317 2470 451 2535 Domitii
469 2463 571 2555 ⁸supra
593 2470 785 2551 memoravi;
816 2470 941 2534 Marsus
964 2487 1094 2552 quoque

182 2574 317 2638 vetustis
339 2574 514 2640 honoribus
545 2581 578 2639 et
600 2574 744 2638 inlustria
773 2571 888 2636 studiis
912 2577 990 2636 erat.
1034 2569 1096 2634 sed

181 2677 313 2742 testium
343 2677 606 2760 interrogationi,
634 2677 804 2743 tormentis
833 2696 1002 2740 servorum
1023 2675 1096 2738 Ma-

181 2804 313 2848 cronem
329 2781 531 2866 praesedisse
548 2781 768 2846 commentarii
785 2780 826 2845 ad
843 2785 990 2844 senatum
1004 2777 1096 2841 missi

146 2885 329 2951 aserebant
360 2886 531 2969 nullaeque
565 2886 600 2951 in
635 2905 692 2949 cos
724 2883 929 2968 imperatoris
965 2883 1093 2946 litterae

181 2989 397 3073 suspicionem
426 2988 544 3053 dabant
575 2988 717 3053 invalido
748 3009 786 3052 ac
813 2987 950 3052 fortasse
980 2987 1094 3071 ignaro

181 3093 254 3156 ficta
282 3094 435 3178 pleraque
468 3094 508 3157 ob
538 3093 722 3157 inimicitias
745 3092 907 3156 Macronis
938 3096 1031 3154 notas
1060 3090 1094 3154 in

181 3196 382 3261 Arruntium.

250 3301 302 3362 48.
339 3300 444 3384 Igitur
472 3301 636 3366 Domitius
666 3299 889 3365 defensionem
919 3298 1093 3376 meditans,

181 3402 306 3467 Marsus
321 3411 483 3488 tamquam
497 3405 640 3470 inediam
655 3404 889 3485 destinavisset,
905 3402 1092 3488 produxere

181 3506 298 3568 vitam:
321 3503 493 3571 Arruntius
509 3511 745 3575 cunctationem
761 3517 794 3574 et
809 3529 914 3573 moras
930 3506 1094 3571 suadenti·
