2498 4010
219 305 257 360 42
549 311 687 351 CORNELII
701 312 797 351 raom

220 470 390 534 afactione
410 471 477 534 eius
500 471 633 534 iniectas
649 491 821 555 perpessus
845 492 923 534 sum.
962 477 1059 556 atque
1075 471 1131 538 ubi

220 573 358 657 primum
381 574 428 637 tui
444 573 547 658 copia,
568 579 680 638 vetera
702 575 793 639 novis
813 583 845 639 et
864 576 972 660 quieta
995 576 1130 641 turbidis

219 678 409 762 antehabeo‚
424 700 529 765 neque
547 680 587 744 ob
602 680 791 764 praemium,
811 679 867 744 sed
883 687 919 744 ut
934 702 985 745 me
996 681 1131 764 perfidia

220 785 396 865 exsolvam,
420 785 515 848 simul
537 785 627 866 genti
645 783 880 848 Germanorum
903 783 1038 849 idoneus
1055 805 1130 848 con·

184 903 209 941 20
220 889 353 970 ciliator,
377 889 403 952 si
421 888 651 972 paenitentiam
666 908 762 971 quam
778 888 952 972 perniciem
970 887 1130 952 maluerit.

219 1016 277 1079 pro
301 995 433 1059 iuventa
455 1000 488 1058 et
511 1014 620 1058 errore
642 992 699 1055 filii
721 993 847 1056 veniam
870 1013 1000 1076 precor:
1032 991 1132 1055 filiam

218 1098 410 1162 necessitate
433 1099 496 1162 huc
512 1097 682 1161 adductam
704 1098 818 1162 fateor.
856 1103 946 1161 tuum
969 1098 1030 1161 erit
1054 1118 1130 1161 con-

219 1203 347 1283 sultare,
372 1208 478 1265 utrum
502 1201 697 1286 praevaleat,
721 1201 808 1285 quod
829 1199 967 1265 Arminii
989 1202 1132 1265 coniunx

220 1327 261 1368 an
284 1305 371 1389 quod
395 1327 437 1370 ex
458 1327 509 1369 me
533 1307 643 1389 genita
666 1304 735 1370 est‘
772 1305 890 1369 Caesar
908 1306 1058 1370 clementi
1079 1327 1130 1370 re·

184 1430 339 1494 responso
363 1410 472 1474 liberis
492 1410 742 1494 propinquisque
765 1410 1037 1494 incolumitatem,
1070 1411 1133 1495 ipsi

220 1515 331 1579 sedem
350 1520 460 1578 vetere
483 1514 517 1576 in
539 1514 703 1598 provincia
727 1514 906 1598 pollicetur.
954 1515 1132 1579 exercitum

219 1619 349 1683 reduxit
379 1637 562 1701 nomenque
599 1617 803 1701 imperatoris
838 1624 970 1683 auctore
1001 1618 1131 1683 Tiberio

220 1724 353 1807 accepit.
383 1722 524 1786 Arminii
538 1744 621 1785 uxor
636 1722 735 1786 virilis
752 1742 848 1786 sexus
863 1723 995 1806 stirpem
1013 1722 1133 1786 edidit:

221 1828 375 1892 educatus
399 1827 572 1892 Ravennae
596 1845 761 1910 puerque
785 1846 862 1888 mox
891 1825 1029 1889 ludibrio
1055 1847 1131 1891 con·

185 1931 357 1994 ecflictatus
381 1931 430 2013 sit,
453 1931 486 1993 in
509 1936 656 2014 tempore
679 1929 876 1993 memorabo.

286 2036 338 2098 59.
371 2034 471 2097 Fama
492 2033 593 2097 dediti
615 2033 820 2117 benigneque
843 2034 973 2118 excepti
989 2023 1133 2116 Segestis

220 2138 360 2222 vulgata,
383 2143 418 2200 ut
433 2137 612 2221 quibusque
627 2137 748 2202 bellum
772 2137 879 2201 invitis
901 2143 957 2200 aut
973 2139 1131 2230 cupienti-

220 2243 279 2307 bus
295 2249 372 2324 erat,
389 2262 446 2326 spe
458 2243 510 2305 vel
527 2242 641 2306 dolore
653 2243 816 2327 accipitur.
839 2243 1022 2307 Arminium
1035 2263 1133 2328 super

219 2346 347 2410 insitam
370 2345 556 2409 violentiam
580 2352 671 2430 rapta
690 2367 773 2410 uxor
795 2348 989 2411 vaecordem
1014 2348 1134 2432 agebat

199 2452 439 2535 evolitabatque
467 2472 526 2535 per
549 2450 746 2533 Cheruscos,
776 2472 865 2514 arma
893 2452 926 2515 in
951 2452 1132 2537 Segestem,

220 2578 309 2620 arma
330 2557 363 2621 in
380 2556 552 2621 Caesarem
564 2576 712 2642 poscens.
744 2575 849 2637 neque
866 2555 991 2639 probris
1007 2561 1133 2641 tempe·

220 2660 321 2724 rabat:
354 2662 523 2746 egregium
545 2667 689 2745 patrem,
718 2680 871 2742 magnum
892 2660 1132 2745 imperatorem,

220 2765 338 2828 fortem
352 2766 537 2846 exercitum,
554 2786 689 2849 quorum
703 2771 753 2829 tot
763 2786 876 2829 manus
891 2787 986 2830 unam
1003 2764 1133 2829 mulier-

222 2871 326 2932 culam
337 2870 515 2934 avexerint.
540 2871 599 2934 sibi
612 2876 677 2934 tres
689 2869 844 2953 legiones,
859 2869 992 2934 totidem
1005 2870 1134 2951 legatos

185 2973 446 3058 roprocubuisse3
478 2994 544 3038 non
574 2973 715 3037 enimse
739 2973 922 3059 proditione
945 2993 1051 3057 neque
1075 2972 1133 3037 ad-

221 3097 332 3141 versus
343 3076 487 3160 feminas,
503 3076 561 3141 sed
573 3079 680 3161 palam
691 3077 845 3141 adversus
858 3086 997 3143 armatos
1011 3076 1135 3141 bellum

221 3186 368 3246 tractare.
403 3183 489 3246 cerni
511 3180 616 3244 adhuc
634 3182 868 3246 Germanorum
889 3182 923 3243 in
945 3181 1024 3245 lucis
1041 3181 1134 3264 signa

219 3287 384 3369 Romana,
417 3308 498 3371 quae
532 3287 581 3350 dis
611 3286 720 3370 patriis
753 3285 965 3370 suspenderit.
1011 3286 1134 3350 coleret

221 3391 372 3474 Segestes
387 3393 505 3455 victam
523 3392 635 3475 ripam,
657 3389 810 3455 redderet
828 3391 892 3454 filio
917 3390 1132 3455 sacerdotium

187 3518 212 3556 15
221 3493 421 3558 Romanum:
440 3496 801 3578 Germanosnumquam
812 3495 888 3558 satis
900 3501 1133 3577 exsecratores,
