2444 4010
195 283 250 340 148
522 289 660 329 connnnn
674 289 772 329 ruorrr

193 445 313 510 vincias
334 446 603 530 prohiberentur:
636 469 721 512 nunc
746 447 844 512 deum
865 469 999 513 munere
1022 469 1096 511 sum-

193 573 280 616 mum
309 551 495 637 pontificum
526 553 623 616 etiam
657 573 816 617 summum
837 553 1004 616 hominum
1026 573 1099 632 esse,

193 679 257 722 non
281 655 499 736 aemulationi,
522 677 589 721 non
605 656 680 720 odio
699 663 754 720 aut
768 657 903 741 privatis
918 655 1100 720 adfectioni-

157 761 252 826 ²⁰bus
276 760 461 825 obnoxium.

256 865 308 928 59.
339 862 507 928 Adversus
530 885 613 949 quae
638 885 710 928 cum
734 885 838 948 augur
859 864 1017 929 Lentulus
1040 864 1104 927 alii-

193 992 255 1055 que
275 970 363 1034 varie
383 969 587 1051 dissererent,
612 990 651 1033 eo
674 969 846 1033 decursum
870 975 977 1032 estut
999 970 1104 1053 ponti·

192 1075 260 1139 ficis
291 1073 422 1138 maximi
452 1072 646 1137 sententiam
680 1073 914 1158 opperirentur.
959 1071 1106 1136 Tiberius

194 1180 293 1244 dilata
314 1177 446 1241 notione
476 1175 516 1240 de
548 1176 618 1239 iure
646 1175 782 1241 flaminis
815 1175 961 1240 decretas
984 1175 1027 1240 ob
1051 1175 1107 1239 tri·

171 1283 353 1347 abuniciam
364 1282 463 1345 Drusi
479 1285 675 1366 potestatem
690 1280 901 1345 caerimonias
914 1280 1108 1364 temperavit

192 1386 380 1451 nominatim
409 1405 548 1469 arguens
575 1383 782 1470 insolentiam
809 1382 987 1448 sententiae
1011 1405 1106 1448 aure-

192 1510 291 1574 asque
320 1488 444 1553 litteras
469 1494 580 1552 eontra
604 1488 745 1572 patrium
769 1508 904 1552 morem.
949 1487 1108 1552 recitatae

193 1600 225 1659 et
247 1593 345 1658 Drusi
368 1592 525 1676 epistulae
549 1613 742 1676 quamquam
766 1591 807 1656 ad
830 1593 1025 1658 modestiam
1046 1594 1107 1657 fle-

192 1719 253 1763 xae
276 1718 334 1784 pro
352 1695 589 1781 superbissimis
612 1698 822 1782 accipiuntur.
856 1698 919 1762 huc
943 1697 1107 1761 decidisse

156 1824 182 1864 10
193 1809 315 1884 cuncta,
331 1807 367 1865 ut
381 1821 422 1865 ue
437 1802 563 1865 iuvenis
581 1799 712 1884 quidem
727 1807 816 1866 tanto
829 1802 954 1866 honore
968 1807 1106 1884 accepto

192 1907 296 1972 adiret
315 1904 402 1969 urbis
419 1904 509 1986 deos,
531 1903 757 1987 ingrederetur
777 1910 935 1984 senatum,
960 1907 1109 1989 auspicia

192 2013 306 2078 saltem
329 2011 450 2094 gentile
480 2007 567 2094 apud
589 2009 693 2074 solum
716 2008 883 2093 inciperet.
927 2009 1109 2074 bellantem

191 2118 314 2182 scilicet
337 2115 465 2179 diverso
489 2120 648 2178 terrarum
671 2113 828 2195 distineri,
851 2114 947 2177 litora
965 2119 999 2177 et
1013 2115 1109 2178 lacus

193 2220 386 2306 Campaniae
409 2240 481 2283 oum
504 2217 645 2282 maxime
663 2224 902 2302 peragrantem.
936 2219 982 2282 sic
1002 2218 1108 2283 imbui

157 2331 351 2390 erectorem
373 2323 503 2408 generis
527 2321 674 2404 humani,
697 2321 731 2386 id
754 2322 892 2406 primum
917 2343 935 2386 e
959 2324 1107 2406 paternis

193 2427 333 2492 consiliis
363 2426 497 2489 discere.
544 2447 620 2490 sane
650 2433 840 2508 gravaretur
867 2432 1033 2510 aspectum
1056 2429 1107 2491 ci-

192 2533 279 2595 vium
300 2550 400 2594 senex
415 2530 591 2615 imperator
605 2529 788 2614 fessamque
805 2534 946 2595 aetatem
963 2536 996 2595 et
1011 2535 1106 2595 actos

191 2637 319 2702 labores
342 2634 585 2719 praetenderet:
613 2634 720 2698 Druso
746 2634 917 2719 quodnisi
941 2655 982 2698 ex
1005 2634 1105 2699 adro-

192 2742 301 2824 gantia
322 2737 616 2824 impedimentum?

257 2847 308 2910 60.
339 2843 404 2908 Sed
420 2841 569 2907 Tiberius
590 2843 656 2906 vim
678 2841 878 2928 principatus
897 2842 957 2906 sibi
971 2841 1105 2905 firmans

191 2949 366 3032 imaginem
389 2947 588 3030 antiquitatis
608 2948 733 3011 senatui
747 2945 924 3030 praebebat
938 2945 1106 3031 postulata

191 3053 428 3141 provinciarum
450 3049 492 3113 ad
515 3051 771 3136 disquisitionem
788 3057 915 3135 patrum
930 3048 1104 3116 mittendo.

191 3157 413 3225 crebrescebat
447 3156 533 3220 enim
569 3157 710 3221 Graecas
747 3176 806 3241 per
839 3156 936 3220 urbes
971 3155 1106 3219 licentia

169 3273 286 3348 satque
320 3259 493 3344 impunitas
525 3260 615 3343 asyla
648 3260 829 3341 statuendi3
866 3259 1106 3345 conplebantur

190 3367 311 3450 templa
329 3362 479 3449 pessimis
499 3363 722 3445 servitiorum3
745 3364 862 3428 eodem
880 3361 1023 3427 subsidio
1043 3363 1106 3427 ob-

192 3469 291 3534 aerati
310 3469 481 3532 adversum
497 3465 675 3530 creditores
692 3468 897 3552 suspectique
916 3467 1105 3553 capitalium
