2498 4010
318 329 354 369 AB
369 327 495 368 EXGESSU
509 327 573 367 DIVI
586 325 714 368 AUGUSTI
727 326 750 366 11
763 325 847 364 27-31.
998 317 1033 374 75

121 509 176 554 ees
197 507 294 553 voces
317 486 359 552 ad
381 485 546 550 Tiberium
563 484 700 550 tendens
716 485 850 548 immoto
867 483 959 547 vultu
976 503 1032 548 ex-

120 593 247 678 cipitur.
285 613 364 657 mcx
392 591 521 656 libellos
549 597 582 654 et
605 595 753 653 auctores
776 589 890 653 recitat
915 587 1034 652 ansar

119 698 166 761 ita
197 696 386 780 moderans,
417 714 459 759 ne
490 695 593 759 lenire
621 714 704 779 neve
728 713 877 778 asperare
902 692 1067 757 crimina1⁰

119 801 293 867 videretur.

185 906 238 969 30.
270 903 486 969 Accesserant
515 908 644 988 praeter
672 901 837 967 irionem·
855 907 887 965 et
918 899 1031 965 (latum

118 1015 323 1074 accusatores
346 1008 501 1074 Fonteius
524 1005 673 1092 Agrippa
704 1012 737 1071 et
760 1006 796 1072 O.
818 1005 933 1071 Vibius
964 1027 1032 1071 cer·

117 1113 293 1199 tabentque
333 1113 385 1178 cui
416 1114 466 1177 ius
499 1109 673 1197 perorandi
703 1111 736 1174 in
767 1110 859 1176 reum
892 1109 1031 1190 daretur,

118 1219 225 1285 donec
239 1218 365 1301 Vibius,
386 1219 461 1304 quia
482 1239 543 1283 nee
565 1217 627 1302 ipsi
650 1217 734 1281 inter
757 1238 792 1282 se
816 1215 1032 1281 concederent

118 1329 151 1388 et
180 1321 264 1387 Libo
298 1322 367 1388 sine
399 1328 536 1408 patrone
567 1323 748 1405 introisset,
780 1321 968 1406 singillatim
997 1341 1053 1386 ses

117 1426 251 1491 erimina
267 1425 469 1492 obiecturum
484 1425 650 1511 professus
663 1426 798 1510 pretulit
813 1425 941 1490 libellos
956 1444 1032 1490 vae·

117 1531 359 1614 cordesadeo,
387 1538 422 1595 ut
444 1531 676 1595 consultaverit
697 1529 779 1595 Libo
803 1551 844 1594 an
866 1529 1032 1594 habiturus

115 1635 202 1700 feret
233 1654 312 1721 opes
335 1636 406 1718 quis
429 1635 514 1699 viam
535 1632 678 1720 Appiam
701 1634 909 1700 Brundisium
930 1653 1031 1716 usque

115 1739 258 1824 pecunie
288 1739 437 1824 operiret.
469 1728 608 1804 'inerant
637 1743 670 1802 et
701 1738 764 1803 alia
786 1737 919 1802 huiusce
942 1736 1032 1800 modi

116 1841 238 1926 stolida
267 1863 366 1926 vana,
403 1842 429 1906 si
461 1843 590 1907 mollius
620 1843 798 1926 acciperes,
839 1840 1066 1906 miserandam

115 1947 170 2014 uni
205 1955 314 2013 tamen
350 1969 447 2016 manu
476 1947 610 2013 Libonis
642 1946 827 2013 nominibus
858 1932 1031 2012 Caesarum

115 2061 171 2119 aut
195 2058 381 2136 senatorum
403 2053 530 2118 additas
552 2057 677 2118 atroces
700 2052 753 2117 rel
777 2051 919 2116 occultas
939 2056 1032 2115 netas
1134 2079 1136 2084 ¹

115 2162 285 2223 accusator
307 2159 473 2242 arguebat.
509 2164 650 2242 negante
673 2178 730 2223 ree
753 2157 840 2222 haud
858 2160 1030 2221 noscentes

114 2281 228 2327 servos
250 2282 310 2346 per
331 2266 494 2327 tormenta
515 2264 709 2347 interrogari
731 2262 863 2347 placuit.
902 2267 935 2327 et
957 2259 1033 2346 quia

115 2371 228 2431 vetere
253 2372 383 2430 senatus
406 2367 554 2432 consulto
577 2367 724 2451 quaestio
747 2367 780 2432 in
797 2373 893 2452 caput
910 2365 1067 2430 dominirs

114 2468 366 2553 prohibebatur,
396 2471 532 2535 callidus
555 2476 588 2535 et
610 2471 687 2537 novi
707 2471 786 2534 iuris
808 2477 957 2555 repertor
977 2468 1031 2532 Ti·

116 2574 225 2639 berius
258 2575 433 2658 mancipari
466 2574 611 2657 singulos
641 2574 742 2639 actori
771 2573 901 2660 publice
931 2572 1031 2637 iubet.

117 2679 156 2744 ob
188 2698 272 2763 quae
298 2684 466 2762 posterum
490 2678 577 2742 diem
598 2698 674 2742 reus
697 2678 812 2762 petivit
835 2677 1031 2761 domumque

116 2782 282 2867 digressus
306 2789 470 2847 extremas
491 2803 606 2867 preces
627 2783 665 2848 P.
682 2783 828 2857 Quirinio
849 2784 1031 2869 propinquo

114 2909 173 2952 suo
198 2886 240 2950 ad
263 2887 444 2972 principem
467 2885 642 2952 mandavit.
1042 2913 1067 2952 m
1094 2883 1111 2930 ·'

181 2992 234 3056 31.
266 2989 475 3076 Responsum
499 2996 548 3055 est
570 2997 606 3055 ut
624 2997 770 3055 senatum
785 2997 928 3076 rogaret.
955 2992 1031 3056 ,οἰη-

116 3096 255 3178 gebatur
281 3097 413 3161 interim
436 3096 537 3161 milite
563 3096 695 3178 domus,
725 3094 921 3180 strepebant
935 3097 1033 3160 etiam

116 3199 149 3263 in
179 3198 361 3282 vestibulo,
385 3204 420 3263 ut
443 3199 564 3282 audiri,
596 3205 632 3263 ut
655 3200 755 3283 aspici
778 3204 926 3285 possent,
959 3220 1032 3264 cum

117 3303 197 3369 Libo
230 3304 309 3389 ipsis
338 3325 417 3389 quas
449 3306 481 3369 in
511 3305 720 3370 novissimam
750 3305 952 3388 voluptatem
975 3303 1032 3367 ad·

118 3408 267 3474 bibuerat
289 3409 394 3494 epulis
418 3410 619 3474 excruciatus
651 3429 767 3474 vocare
798 3427 1053 3493 percussorem,s

118 3533 272 3597 prensare
282 3533 448 3579 servorum
460 3512 601 3595 dextras,
611 3515 754 3578 inserere
764 3511 917 3595 gladium.
935 3522 1031 3599 atque

836 3619 851 3666 5
860 3611 876 3645 ts
