2498 4010
225 278 263 336 20
556 283 694 324 oosuunu
707 283 805 323 sacrm

232 520 236 530 Ι
291 443 342 506 25.
374 442 550 526 Postquam
573 441 691 505 vallum
720 441 859 523 introiit,
891 447 1001 525 portas
1024 440 1134 506 statio-

224 545 318 638 nibus
340 547 477 626 firmant,
501 544 616 628 globos
632 550 827 610 armatorum
846 545 942 610 certis
957 550 1134 609 castrorum

224 649 302 714 loeis
316 649 457 735 opperiri
468 649 594 713 iubent:
608 649 706 713 ceteri
718 647 859 714 tribunal
870 648 994 732 ingenti
1005 650 1135 733 agmine

225 755 488 820 circumveniunt.
543 754 648 818 stabat
678 754 803 819 Drusus
841 753 1004 818 silentium
1037 775 1145 818 manu>

202 879 370 943 sposcens.
415 859 462 921 illi
493 858 641 942 quotiens
680 857 791 921 oculos
822 856 865 922 ad
896 856 1134 922 multitudinem

224 965 429 1046 rettulerant,
457 964 590 1028 vocibus
613 962 801 1027 truculentis
823 969 985 1047 strepere,
1009 983 1135 1027 rursum
1236 1033 1237 1044 p

222 1066 292 1130 viso
318 1065 456 1132 (lassare
479 1066 656 1152 trepidare3
684 1087 827 1130 murmur
850 1066 1017 1148 incertum,
1040 1072 1135 1130 atrox

224 1171 345 1236 clamor
367 1177 400 1235 et
422 1175 555 1255 repente
571 1171 679 1255 quies:
704 1169 839 1236 diversis
861 1170 1040 1234 animorum
1064 1190 1134 1234 mo·

223 1275 309 1339 tibus
332 1274 492 1360 pavebant
514 1275 752 1358 terrebantque.
799 1273 930 1338 tandem
953 1273 1133 1358 interrupto

190 1398 214 1434 10
224 1380 363 1445 tumultu
378 1379 502 1444 litteras
520 1379 621 1464 patris
636 1378 762 1460 recitat,
785 1378 819 1442 in
835 1378 905 1461 quis
921 1378 1136 1463 perscriptum

224 1489 303 1566 erat,
326 1467 532 1568 praecipuam
556 1481 617 1566 ipsi
631 1481 876 1545 fortissimarum
898 1481 1065 1566 legionum
1081 1503 1135 1546 ou-

223 1610 308 1670 ram,
342 1588 531 1672 quibuscum
561 1588 698 1672 plurima
722 1585 808 1650 bella
829 1585 1048 1668 toleravisset3
1079 1587 1137 1652 ubi

222 1693 361 1778 primum
384 1714 404 1756 a
426 1693 514 1756 luctu
529 1694 708 1777 requiesset
722 1693 856 1770 animus,
881 1699 1024 1758 acturum
1048 1692 1135 1777 apud

224 1804 331 1881 patres
348 1796 388 1862 de
404 1798 574 1881 postulatis
590 1819 719 1878 eorum3
740 1797 863 1861 misisse
879 1796 1009 1860 interim
1023 1797 1135 1879 filium,

190 1908 259 1966 15ut
282 1903 351 1967 sins
367 1905 570 1968 cunctatione
589 1903 782 1968 concederet
805 1923 887 1994 quae
908 1902 1016 1966 statim
1038 1901 1137 1966 tribui

224 2013 372 2089 possent;
403 2012 512 2071 cetera
540 2008 665 2072 senatui
693 2005 868 2087 servanda,
903 2025 999 2089 quem
1028 2026 1135 2090 neque

223 2111 347 2194 gratiae
368 2130 474 2193 neque
497 2110 677 2175 severitatis
701 2116 879 2194 expertem.

290 2215 341 2278 26.
373 2213 578 2298 Responsum
603 2219 652 2277 est
674 2233 694 2275 a
715 2213 866 2278 contione
889 2211 1039 2278 mandata
1062 2212 1136 2276 Cle-

224 2319 324 2383 menti
354 2317 531 2382 oenturioni
562 2338 644 2401 quae
678 2316 845 2401 perferret.
890 2316 917 2380 is
941 2317 1064 2380 orditur
1095 2317 1135 2382 de

223 2422 376 2486 missione
409 2442 428 2485 a
459 2420 600 2486 sedecim
633 2421 742 2504 annis,
775 2420 816 2485 de
848 2421 999 2506 praemiis
1025 2421 1135 2488 finitae

223 2526 366 2607 militiae,
385 2532 421 2589 ut
437 2519 586 2589 denarius
603 2524 752 2589 diurnum
768 2523 965 2610 stipendium
980 2525 1074 2608 foret,
1092 2547 1135 2592 ne

201 2630 367 2694 sveterani
404 2629 463 2694 sub
501 2629 622 2695 vexillo
655 2630 860 2694 haberentur.
903 2627 1029 2694 Drusus
1061 2650 1137 2695 cum

223 2733 389 2798 arbitrium
412 2739 541 2798 senatus
564 2741 597 2797 et
625 2734 725 2817 patris
756 2733 961 2815 obtenderet,
992 2733 1134 2800 clamore

222 2837 377 2902 turbatur.
423 2857 478 2900 cur
506 2837 670 2900 venisset?
693 2857 798 2920 neque
817 2837 974 2919 augendis
996 2838 1134 2902 militurn

223 2941 390 3027 stipendiis
421 2962 526 3026 neque
560 2941 748 3006 adlevandis
779 2941 962 3022 laboribus,
995 2941 1135 3026 denique

222 3046 310 3110 nulla
333 3047 416 3110 bene
445 3044 584 3110 faciendi
610 3045 755 3110 lieentia:
787 3052 820 3110 at
846 3047 978 3110 hercule
1001 3048 1138 3114 verbera

188 3173 213 3211 ιο
223 3157 255 3215 et
276 3170 392 3214 necem
408 3149 529 3213 eunctis
544 3151 695 3233 permitti.
724 3150 890 3215 Tiberium
906 3152 983 3215 olim
1005 3154 1136 3218 nomine

221 3253 362 3337 Augusti
399 3252 560 3317 desideria
597 3252 764 3337 legionum
802 3253 948 3319 frustrari
985 3257 1134 3322 solitum:

222 3357 353 3421 eosdem
372 3363 457 3421 artes
472 3356 614 3422 Drusum
629 3359 802 3424 rettulisse.
840 3381 1058 3444 numquamne
1074 3365 1137 3428 nisi

221 3462 304 3524 lilios
327 3462 520 3525 familiarum
536 3463 714 3528 venturos?
737 3483 857 3527 novum
881 3463 914 3528 id
937 3465 1032 3550 plane
1048 3468 1136 3551 quod
