2482 4014
346 273 384 312 ΔΒ
397 272 523 312 EXCESSU
536 273 601 312 DIVI
614 272 742 312 AUGUSTI
755 272 787 310 VI
799 270 884 312 46-50.
1010 267 1065 324 251

161 431 221 496 bus
239 431 350 496 amicis
365 453 431 496 non
447 429 563 495 eadem
580 431 728 495 omnibus
747 429 865 494 decora
884 429 1068 514 respondit:

161 536 221 600 sibi
243 535 319 599 satis
343 533 467 617 aetatis,
490 553 596 618 neque
620 532 708 598 aliud
727 533 958 618 paenitendum
975 555 1092 619 quams

160 641 248 726 quod
270 641 354 707 inter
376 639 515 704 ludibria
538 644 571 703 et
587 638 732 723 pericula
755 640 885 702 anxiam
907 643 1071 703 senectam

160 746 380 827 toleravisset,
411 744 465 808 diu
487 743 621 826 Seiano,
651 764 736 808 nunc
757 743 919 825 Macroni,
943 763 1071 826 semper

161 849 255 914 alicui
278 848 459 934 potentium
481 847 614 927 invisus,
637 868 703 911 non
727 848 821 931 culpa
843 846 902 911 sed
924 851 960 909 ut
981 845 1071 930 flagi·

159 953 279 1017 tiorum
293 953 464 1036 inpatiens:
497 972 574 1016 sane
589 972 711 1036 paucos
725 951 878 1037 principis
895 951 1070 1034 diesposse

133 1113 135 1116 .
161 1057 272 1120 vitari:
307 1077 403 1140 quem
434 1056 476 1119 ad
508 1055 641 1120 modum
674 1077 845 1120 euasurum
874 1057 1105 1122 imminentiam

162 1162 349 1227 iuventam?
385 1183 436 1242 an,
460 1181 534 1225 cum
551 1160 699 1225 Tiberius
722 1165 797 1246 post
819 1164 941 1224 tantam
963 1180 1071 1224 rerum

162 1265 395 1351 experientiam
423 1266 455 1328 vi
485 1264 712 1330 dominationis
743 1265 915 1330 convulsus
946 1273 979 1329 et
1000 1287 1069 1329 mu·

160 1375 245 1433 tatus
272 1369 329 1450 sit,
363 1367 479 1432 Gaium
510 1367 683 1432 Gaesarem
716 1368 773 1433 1111
803 1369 893 1433 linita
924 1368 1070 1454 pueritia,

160 1475 307 1560 ignarum
336 1474 477 1538 emnium
505 1478 559 1537 aut
588 1472 736 1557 pessimis
766 1473 973 1554 innutritum,
1002 1493 1069 1536 me·

79 1567 81 1571 ¹
160 1578 241 1644 liora
255 1578 490 1662 capessiturum
504 1577 658 1642 Macrone
678 1577 783 1640 duee?
807 1577 861 1662 qui
877 1583 913 1640 ut
929 1577 1106 1642 deteriora

160 1683 203 1748 ad
226 1681 475 1769 opprimendum
491 1682 643 1747 Seianum
662 1681 806 1747 delectus
821 1680 913 1765 plura
928 1701 986 1764 per
1001 1701 1070 1744 sce·

160 1787 228 1852 lera
258 1807 328 1850 rem
363 1787 539 1871 publicam,
562 1785 817 1850 conflictavisaet.
862 1791 1071 1870 prospectare

160 1891 224 1956 iam
247 1912 281 1955 11
304 1891 407 1955 111111
430 1890 598 1956 servitium
624 1888 861 1974 eoquefugere
884 1889 1072 1954 simulacta

162 2002 195 2060 et
216 1996 376 2061 instantia.
411 1996 493 2060 haec
515 1995 598 2060 11111
614 1995 647 2058 11
661 1993 795 2058 modurn
810 1993 957 2058 dictitans
972 2014 1071 2059 venas

160 2090 302 2164 resolvit.
342 2099 536 2165 documento
557 2099 724 2182 sequentia
740 2103 833 2163 erunt
848 2098 931 2163 bene
947 2098 1070 2162 Arrun·
1081 2123 1106 2162 20

162 2202 243 2266 tium
259 2212 363 2268 morte
378 2225 481 2267 usum.
519 2201 681 2266 Albucilla
703 2202 798 2266 inrito
822 2201 890 2265 ictu
911 2201 950 2266 ab
969 2208 1072 2266 semet

161 2309 329 2373 vulnerata
354 2309 444 2372 iussu
467 2312 597 2372 senatus
620 2309 653 2372 in
677 2327 839 2372 carcerem
856 2307 964 2372 fertur.
1003 2308 1072 2371 eius

160 2410 312 2494 ministri,
337 2411 506 2476 Carsidius
529 2410 687 2477 Sacerdos
709 2413 890 2495 praetorius
913 2411 1072 2475 111111-

161 2514 263 2579 sulam
293 2515 534 2604 deportaretur,
572 2516 707 2580 Pontius
736 2517 949 2601 Fregellanus
979 2519 1071 2580 arnit-

160 2624 246 2682 teret
270 2618 418 2684 ordinem
442 2621 655 2701 senatorium,
679 2626 712 2684 et
736 2620 870 2685 eaedem
892 2642 1017 2705 poenae
1040 2622 1074 2684 11
1083 2639 1108 2677 2⁵

161 2722 309 2787 Laelium
332 2723 471 2787 Balbum
495 2722 727 2806 decernuntur,
755 2725 789 2788 id
813 2726 943 2809 quidem
965 2746 983 2788 a
1004 2725 1072 2789 lae-

162 2826 313 2908 tantibus,
336 2827 410 2911 quia
426 2825 548 2889 Balbus
571 2826 653 2890 truci
676 2827 862 2912 eloquentia
884 2827 1072 2911 habebatur,

162 2935 330 3014 promptus
353 2928 525 2992 adversum
549 2929 704 2994 insontes.

226 3033 278 3097 50.
308 3033 378 3098 Iam
397 3033 564 3098 Tiberium
581 3055 708 3119 corpus,
732 3037 796 3099 iarn
810 3035 906 3117 vireo,
928 3033 1073 3098 nondum

163 3138 371 3203 dissimulatio
385 3137 570 3203 deserebat:
591 3138 678 3203 idem
694 3140 792 3204 animi
803 3139 906 3223 rigor;
924 3159 1072 3203 sermone

162 3263 200 3306 ac
235 3243 328 3308 vultu
364 3241 508 3306 intentus
544 3244 690 3326 quaesita
727 3242 891 3306 interdum
923 3241 1073 3306 comitate

162 3347 306 3432 quamvis
318 3347 522 3411 manifestam
535 3346 901 3431 delectionemtegebat.
927 3346 1073 3411 mutatis-

162 3470 224 3535 que
261 3451 388 3535 saepius
419 3450 499 3516 loeis
531 3450 665 3514 tandem
697 3451 781 3535 apud
817 3451 1095 3536 promunturiums
