2444 4010
220 305 276 364 174
548 310 799 351 consummem

218 467 406 534 vinoialibus
429 487 566 532 uxorum
590 467 776 533 criminibus
797 466 933 552 perinde
952 487 1046 553 quam
1061 466 1121 530 suis

185 595 210 634 rs
219 575 449 660 plecterentur.
733 583 735 590 ’

255 725 259 734 .
284 679 337 743 21.
368 677 489 742 Actum
512 677 630 743 dehinc
653 677 694 742 de
718 676 892 761 Calpurnio
915 677 1046 758 Pisone,
1069 697 1124 740 no-

218 782 276 848 bili
305 803 343 845 ac
371 780 471 845 feroci
493 780 574 843 viro.
618 779 646 842 is
668 799 822 863 namque,
851 785 885 843 ut
906 780 1032 856 rettuli,
1062 799 1127 844 ces·

220 907 330 952 surum
352 905 387 950 se
403 885 482 949 urbe
501 883 542 950 ob
560 884 716 949 factiones
731 892 952 949 accusatorum
966 884 1001 947 in
1017 889 1129 949 senatu

221 989 441 1054 clamitaverat
464 993 497 1053 et
519 992 628 1072 spreta
649 987 797 1072 potentia
811 986 980 1072 Augustae
1002 987 1130 1052 trabere

200 1095 253 1158 sin
268 1094 318 1157 ius
336 1093 546 1178 Urgulaniam
564 1092 726 1176 domoque
742 1092 895 1176 principis
911 1093 1020 1158 excire
1037 1113 1131 1156 ausus

222 1204 301 1262 erat.
338 1217 420 1280 quac
443 1196 476 1261 in
497 1216 651 1279 praesens
671 1196 819 1262 Tiberius
843 1197 980 1263 civiliter
1002 1197 1131 1262 habuit:

222 1301 336 1368 sedin
359 1303 466 1367 animo
486 1303 678 1367 revolvente
700 1302 782 1384 iras,
812 1303 908 1366 etiam
934 1302 961 1365 si
991 1301 1133 1386 impetus

157 1451 159 1455 -
224 1407 409 1472 offensionis
431 1405 610 1489 languerat,
631 1407 788 1470 memoria
809 1405 947 1472 valebat.
978 1405 1134 1470 Pisonem

224 1510 262 1584 Q.
287 1509 425 1576 Granius
454 1510 573 1574 secreti
601 1509 758 1573 sermonis
780 1508 938 1574 incusavit
960 1507 1134 1574 adversum

187 1638 212 1678 ro
221 1616 423 1694 maiestatem
443 1613 545 1678 habiti
568 1612 749 1697 adiecitque
772 1613 805 1676 in
824 1611 920 1678 domo
945 1612 1015 1678 eius
1032 1633 1132 1678 vene·
1217 1693 1218 1702 ἵ

221 1741 297 1785 num
314 1735 536 1802 essecumquc
546 1715 655 1800 gladio
665 1717 843 1784 accinctum
854 1717 988 1782 introire
1000 1718 1134 1781 curiam.
1217 1713 1218 1762 ἶ

222 1825 309 1909 quod
324 1831 360 1888 ut
374 1824 514 1888 atrocius
530 1840 608 1886 vero
624 1821 828 1894 tramissumr
841 1826 1032 1902 ceterorum,
1049 1841 1133 1903 quae
1217 1805 1218 1848 ³

221 1930 323 1996 multa
338 1927 597 2008 cumulabantur,¹
614 1931 764 2010 receptus
780 1930 830 1990 est
840 1946 918 1990 ⁴reus
933 1945 1040 2009 neque
1060 1947 1136 2010 per·

222 2040 311 2100 actus
343 2032 384 2098 ob
416 2038 555 2096 mortem
587 2037 811 2116 opportunam.
855 2030 993 2095 relatum
1024 2037 1058 2094 et
1091 2030 1135 2094 dc

188 2165 213 2204 rs
224 2139 334 2216 Cassio
352 2136 473 2201 Severo
494 2135 601 2214 exule,
624 2136 678 2219 qui
701 2133 852 2209 sordidae
868 2134 1010 2218 originis,
1031 2135 1135 2198 male-

222 2241 425 2322 licueritne,
454 2240 513 2304 scd
536 2239 649 2304 orandi
678 2237 821 2319 validus,
853 2259 912 2323 per
941 2236 1134 2302 immodicas

222 2345 404 2411 inimicitias
427 2349 462 2408 ut
484 2342 602 2408 iudicio
626 2343 722 2406 iurati
745 2349 876 2408 senatus
893 2341 1024 2410 Cretam
1043 2363 1134 2406 amo·

222 2455 352 2516 veretur
368 2449 546 2528 effecerat3-
560 2454 657 2532 atque
679 2446 746 2511 illic
768 2444 885 2512 eadem
900 2444 1066 2516 actitando
1081 2467 1133 2510 re·

224 2555 329 2620 centia
351 2558 525 2635 veteraque
558 2551 633 2617 odia
659 2549 797 2616 advertit
824 2550 982 2635 bonisque
1006 2557 1136 2628 exutus,

188 2683 213 2722 ao
223 2657 393 2723 interdicto
410 2657 476 2740 igni
492 2662 587 2739 atque
604 2675 697 2736 aqua,
714 2675 792 2718 saxo
803 2654 940 2740 Seripho
954 2655 1133 2722 consenuit

288 2763 340 2827 22.
372 2759 541 2826 Periclem
562 2764 690 2843 tempus
705 2758 852 2825 Plautius
866 2758 1015 2823 Silvanus
1038 2779 1134 2842 prae·

222 2875 274 2932 tor
296 2866 425 2932 incertis
449 2865 551 2928 causis
573 2863 753 2947 Aproniam
783 2862 953 2946 coniugem
983 2863 1016 2927 in
1039 2883 1134 2947 prae·
1216 2903 1217 2928 l

224 2991 300 3056 ceps
322 2971 398 3036 iecit
419 2972 604 3050 tractusque
628 2965 669 3029 ad
686 2964 857 3031 Caesarem
873 2966 913 3032 ab
928 2965 966 3030 L.
982 2966 1133 3051 Apronio
1216 2993 1217 3003 ¹

222 3093 335 3141 socero
367 3071 494 3136 turbata
522 3076 630 3136 mente
658 3068 840 3154 respondit,
870 3074 1033 3154 tamquam
1063 3071 1134 3156 ipse

201 3200 336 3248 ssomno
368 3178 475 3263 gravis
506 3183 602 3260 atque
632 3196 672 3240 eo
701 3173 831 3258 ignarus
855 3180 888 3239 et
910 3195 993 3238 uxor
1016 3181 1133 3260 sponte

222 3290 359 3349 mortem
378 3282 574 3367 sumpsisset.
605 3300 672 3346 uon
693 3284 880 3344 cunctanter
895 3278 1042 3345 Tiberius
1057 3301 1133 3365 per·

223 3389 271 3471 git
292 3390 326 3452 in
348 3386 491 3468 domum,
512 3385 588 3449 visit
603 3383 851 3476 cubiculumin
866 3404 929 3468 quo
944 3384 1134 3449 reluctantis

223 3498 257 3555 et
284 3492 440 3575 impulsae
466 3490 604 3574 vestigia
626 3490 849 3580 cernebantur.
893 3489 994 3555 refert
1015 3489 1058 3554 ad
1081 3511 1132 3554 se-

809 3717 824 3762 Ι
