2482 4014
216 307 271 364 186
302 339 304 344 -
537 309 683 350 γ1011111111
696 309 794 348 nncrrr

213 469 283 534 11111
298 471 396 534 talem
412 469 462 533 sui
478 471 607 534 uultum.
634 469 720 554 quod
736 469 790 533 alii
800 469 1004 547 modestiam,
1019 467 1124 546 multi,

215 574 289 658 quie
307 572 477 655 diffideret,
500 571 630 658 quidam
652 579 688 637 ut
711 573 884 658 degeneris
906 572 1004 638 animi
1027 573 1126 638 inter-

180 705 205 743 11
213 679 432 764 pretabantur.
464 687 614 762 optumos
633 679 752 764 quippe
768 677 952 743 mortalium
969 676 1128 743 altissima
1221 709 1222 756 ,

215 803 350 866 cupere:
375 782 421 847 sic
440 783 617 848 Herculem
642 789 675 847 11
693 783 846 848 Liberum
867 781 954 868 apud
970 781 1126 860 Graecos,
1221 841 1222 848 ,

215 886 382 962 Quirinum
399 885 486 970 apud
501 907 559 952 nos
576 887 674 952 deum
688 907 824 952 numero
841 887 985 952 additos:
1009 886 1127 952 melius

164 1081 166 1086 ,
213 991 409 1075 Augustum,
433 992 487 1075 qui
505 993 691 1075 speraverit.
724 997 832 1056 cetero
846 991 1047 1074 principibus
1060 996 1125 1056 111-
1221 981 1222 1004 ’

214 1097 271 1160 tim
295 1096 427 1161 edesse:
458 1117 557 1160 unum
579 1096 802 1162 insatiabiliter
824 1093 1018 1179 parandum,
1050 1114 1125 1180 pro·

180 1225 205 1263 11
215 1220 342 1284 speram
357 1201 406 1264 sui
421 1200 625 1282 memoriom3
640 1222 714 1265 nam
729 1204 916 1284 contemptu
930 1198 1035 1262 famae
1050 1218 1125 1261 con·
1221 1263 1222 1288 ,

214 1305 316 1369 temni
339 1306 482 1370 virtutes.

280 1411 332 1474 39.
364 1409 410 1474 At
425 1409 570 1490 Seianus,
592 1410 691 1474 nimia
712 1409 842 1473 fortuna
865 1428 974 1472 socors
999 1412 1032 1470 et
1051 1427 1124 1492 pro·

215 1514 346 1578 missum
369 1514 606 1578 matrimonium
634 1514 800 1596 flagitante
822 1513 931 1592 Livia,
961 1511 1126 1596 componit

216 1617 255 1682 ad
274 1617 445 1684 Caesarem
460 1617 641 1684 codicillos:
665 1617 763 1681 moris
783 1618 901 1701 quippe
923 1624 991 1680 tum
1013 1637 1124 1700 quern·

216 1743 312 1805 quam
335 1727 539 1806 praesentem
563 1722 681 1807 scripto
702 1721 802 1786 adire.
834 1723 904 1786 eius
919 1721 993 1785 talis
1007 1721 1124 1786 forma:

195 1826 443 1892 ubencvolentia
466 1827 566 1910 patris
585 1824 725 1907 Augusti
749 1832 781 1890 et
803 1846 881 1888 mox
902 1824 1049 1908 plurimis
1071 1823 1124 1887 Ti·

216 1930 296 1995 berii
320 1930 445 1995 iudiciis
468 1930 513 1992 ita
535 1928 726 2010 insuevisse,
749 1934 785 1992 ut
809 1948 883 2012 spes
904 1935 1045 2013 votaque
1069 1948 1126 1991 sua

215 2057 279 2100 non
303 2037 391 2121 prius
410 2036 451 2099 ad
468 2035 547 2098 deos
563 2056 659 2118 quam
682 2034 723 2098 ad
739 2033 918 2118 principum
937 2053 1031 2098 aures
1049 2053 1125 2098 con·

215 2141 324 2206 ferret.
368 2161 474 2225 neque
504 2139 666 2222 fulgorem
694 2139 853 2202 bonorum
879 2157 1030 2220 umquam
1052 2157 1125 2220 pre·

216 2252 340 2312 catum:
366 2245 518 2310 excubias
541 2265 579 2308 oc
592 2244 730 2322 labores,
753 2247 789 2308 ut
808 2263 908 2306 unum
928 2262 945 2305 e
962 2241 1126 2322 militibus,

181 2371 206 2410 10
215 2370 273 2433 pro
305 2348 525 2413 incolumitate
555 2345 760 2430 imperatoris
795 2345 902 2410 malle.
952 2364 989 2408 ac
1017 2333 1127 2408 tamen

216 2451 304 2536 quod
338 2451 588 2537 pulcherrimum
620 2449 791 2534 adeptum,
828 2453 864 2512 ut
902 2448 1127 2513 coniunctione

217 2555 363 2620 Caesaris
387 2556 503 2639 dignus
522 2554 723 2620 crederetur:
747 2555 822 2620 hinc
838 2554 964 2618 initium
980 2553 1060 2638 spei.
1096 2562 1129 2618 et
1221 2605 1222 2608 ¹

216 2661 368 2746 quoniam
390 2661 550 2726 audiverit
571 2660 757 2743 Augustum
785 2661 818 2725 in
841 2659 1042 2731 conlocanda
1063 2659 1130 2724 iilia

215 2787 281 2830 non
310 2766 391 2830 nihil
420 2766 517 2830 etiarn
541 2765 580 2832 de
605 2765 764 2849 equitibus
787 2764 942 2830 Romanis
966 2764 1128 2828 consultu·
1221 2771 1222 2786 ¹

183 2870 311 2952 rsvisse,
335 2870 389 2952 111,
413 2870 440 2932 11
462 2869 596 2933 maritus
614 2868 727 2935 Liviae
750 2874 968 2952 quaereretur,
992 2867 1128 2933 haberet

216 2973 366 3036 inanimo
382 2972 518 3037 amicum
532 2973 603 3038 1011
613 2971 860 3037 necessitudinis
870 2972 972 3057 gloria
984 2992 1128 3037 usurum.

216 3099 282 3142 non
305 3078 391 3142 enim
414 3097 534 3142 exuere
558 3076 697 3162 inposita
714 3076 839 3139 munia:
864 3076 940 3140 satis
957 3076 1129 3148 aestimare
1221 3129 1222 3138 ,

216 3183 332 3247 firmari
344 3183 476 3246 domurn
492 3181 664 3246 adversum
674 3180 799 3264 iniquas
808 3178 1008 3264 Agrippinae
1026 3179 1130 3244 offen·

218 3288 335 3367 sioncs,
358 3286 455 3371 idque
478 3284 653 3350 liberorum
677 3304 788 3366 ceusa3
812 3305 885 3346 nam
909 3283 971 3347 sibi
992 3283 1130 3348 multum

184 3417 208 3454 1ο
219 3411 377 3475 superque
401 3389 488 3454 vitae
510 3387 594 3467 fore,
618 3386 706 3471 quod
727 3387 784 3450 tali
808 3408 880 3451 cum
903 3386 1047 3471 principe
1072 3409 1130 3454 ex·

219 3492 383 3577 pluvisset.
