2498 4010
161 302 196 358 12
505 301 755 345 ooarnmrrscrm

125 464 348 548 reregendum.
409 465 533 529 addidit
575 463 704 528 laudem
745 461 785 526 de
823 461 972 545 Augusto
1017 460 1071 523 Ti·

158 571 348 653 beriumque
380 570 485 654 ipsum
515 567 723 633 victoriarum
753 586 899 651 quaeque
933 566 967 628 in
996 571 1072 648 toga

159 696 218 759 per
247 681 296 739 tot
326 695 428 738 annos
459 673 593 757 egregie
623 670 752 735 fecisset
784 668 962 734 admonuit.
1012 688 1073 731 neo

159 778 233 843 ideo
272 777 352 842 iram
388 776 518 856 lenivit,
563 775 691 860 pridem
728 773 864 853 invisus,
909 777 1073 857 tamquam

161 883 257 948 ducta
279 883 311 945 in
331 883 570 946 matrimonium
583 878 741 964 Vipsania
757 877 800 940 M.
817 875 983 961 Agrippae
999 877 1073 958 filia,

126 1007 150 1044 20
160 1009 242 1071 quae
274 987 437 1071 quondam
461 985 582 1050 Tiberii
612 1005 696 1048 uxor
725 983 846 1063 fuerat,
877 982 950 1067 plus
979 1002 1075 1065 quam

160 1091 267 1154 civilia
283 1091 421 1173 agitaret
435 1089 657 1172 Pollionisque
673 1087 780 1151 Asinii
798 1086 898 1168 patris
921 1085 1075 1150 ferociam

160 1194 325 1258 retineret.
765 1261 768 1266 ,

228 1299 278 1360 13.
312 1298 393 1362 Post
426 1317 509 1381 quae
543 1295 581 1359 L.
610 1293 783 1360 Arruntius
818 1293 906 1358 haud
939 1296 1075 1359 multum

67 1429 70 1434 ·
162 1401 348 1485 discrepans
364 1400 480 1466 aGalli
497 1400 642 1464 oratione
658 1398 793 1483 perinde
808 1397 953 1480 offendit,
967 1418 1077 1482 quam·

162 1527 258 1590 quam
282 1505 412 1569 Tiberio
436 1503 526 1568 nulla
546 1510 640 1567 vetus
662 1503 694 1565 in
717 1499 908 1566 Arruntium
930 1502 993 1565 ira:
1017 1501 1078 1566 sed

70 1621 72 1626 '
162 1609 295 1673 divitem
317 1614 513 1693 promptum,
537 1606 657 1670 artibus
680 1603 820 1690 egregiis
844 1611 876 1670 et
897 1605 968 1690 pari
990 1606 1079 1671 fama

142 1713 287 1798 spublice
318 1709 532 1797 suspectabat.
579 1711 698 1795 quippe
722 1709 890 1793 Augustus
919 1711 1080 1795 supremis

161 1818 362 1882 sermonibus
392 1839 465 1881 cum
489 1820 642 1880 tractaret
672 1817 802 1899 quinam
825 1815 960 1899 adipisci
990 1817 1080 1900 prin-

170 1921 276 2005 cipem
308 1922 416 1985 locum
448 1919 613 1984 suffecturi
649 1918 827 1983 abnuerent
858 1927 912 1984 aut
950 1919 1081 2004 inpares

164 2023 287 2087 vellent
309 2025 363 2088 vel
385 2023 471 2087 idem
494 2029 629 2108 possent
653 2030 880 2107 cuperentque,
904 2023 958 2088 M’.
980 2023 1081 2108 Lepi·

167 2127 242 2190 dum
266 2125 393 2191 dixerat
422 2147 575 2211 capacem
599 2125 657 2191 sed
681 2133 922 2210 aspernantem,
948 2128 1081 2192 Gallum

131 2230 314 2296 mAsinium
338 2230 468 2295 avidum
491 2239 523 2296 et
547 2231 714 2313 minorem,
740 2229 777 2293 L.
800 2229 989 2295 Arruntium
1012 2252 1081 2296 non

165 2333 332 2417 indignum
349 2341 392 2417 et,
416 2334 442 2398 si
458 2355 550 2398 casus
566 2335 707 2417 daretur,
730 2356 890 2400 ausurum.
933 2335 973 2401 de
992 2337 1083 2420 prio-

166 2439 253 2503 ribus
277 2438 491 2520 consentitur,
524 2458 583 2523 pro
607 2437 764 2505 Arruntio
788 2438 918 2523 quidam
944 2438 1082 2504 011.Ρὶ-

166 2563 279 2607 sonem
317 2542 497 2623 tradidere3
539 2563 715 2628 omnesque
754 2549 882 2627 praeter
919 2543 1081 2629 Lepidum

165 2646 262 2710 variis
294 2667 372 2711 mox
402 2645 587 2710 criminibus
618 2652 763 2712 struente
785 2647 915 2712 Tiberio
946 2649 1084 2712 circum-

133 2771 158 2810 15
166 2750 255 2814 venti
278 2756 361 2813 sunt.
400 2749 497 2814 etiam
514 2749 552 2823 Q.
568 2748 722 2814 Haterius
738 2756 770 2813 et
785 2750 967 2816 Mamercus
983 2750 1083 2815 Scau·

167 2874 220 2918 rus
258 2853 456 2937 suspicacem
487 2855 628 2918 animum
657 2856 896 2939 perstrinxere,
926 2855 1084 2920 Haterius

168 2980 241 3022 oum
256 2958 392 3023 dixisset
408 2980 482 3044 ,quo
499 2980 599 3044 usque
615 2959 757 3043 patieris,
774 2959 903 3042 Caesar,
926 2982 992 3025 non
1009 2982 1083 3026 esse

169 3068 264 3148 eaput
286 3063 333 3127 rei
356 3059 550 3147 publicaei‘,
574 3062 711 3128 Scaurus
735 3063 809 3147 quia
833 3062 967 3146 dixerat,
991 3085 1083 3148 spem

169 3189 211 3232 ex
227 3187 277 3248 eo,
292 3188 359 3232 non
381 3167 492 3231 inritas
507 3167 577 3232 fore
595 3173 726 3231 senatus
748 3185 871 3252 preces,
895 3167 984 3251 quod
998 3168 1084 3232 rela-

135 3269 249 3335 rotioni
280 3271 448 3337 consulum
484 3271 553 3335 iure
584 3271 775 3336 tribuniciae
813 3273 985 3357 potestatis
1016 3293 1083 3337 non

168 3374 411 3440 intercessisset.
456 3375 489 3438 in
512 3376 684 3440 Haterium
708 3378 815 3440 statim
844 3378 991 3442 invectus
1015 3383 1083 3459 est3

170 3475 341 3560 Scaurum,
373 3478 424 3541 cui
456 3477 678 3563 inplacabilius
709 3481 920 3564 irascebatur,
953 3483 1085 3548 silentio
