2444 4010
284 342 320 381 ΑΒ
334 339 459 382 EXGESSU
473 342 537 382 DIVI
549 340 677 382 saeuam
690 340 724 380 111
737 339 821 380 40-48.
950 335 1007 392 137

95 497 214 565 militia
242 499 474 585 disciplinaque
495 501 605 565 nostra
628 498 820 581 habebatur,
849 504 886 562 ut
908 501 1009 564 caesis

100 603 355 690 negotiatoribus
377 603 531 669 Romanis
550 604 676 668 'bellum
698 603 870 689 inciperet3
899 604 1008 689 pauci·

100 703 165 792 que
188 705 331 794 equitum
354 708 510 792 corrupti,
537 709 646 792 plures
668 708 701 772 in
724 707 1031 779 officio'mansere.s

97 813 190 878 aliud
211 813 327 898 vulgus
351 812 576 877 obaeratorum
598 818 654 877 aut
677 812 840 878 clientium
854 833 941 877 arma
957 834 1009 877 oe-

100 918 163 1004 pit;
186 917 404 1003 petebantque
429 916 527 980 saltus
551 916 665 1000 quibus
687 938 806 982 nomen
823 915 1009 1000 Arduenna,

92 1044 175 1087 oum
195 1021 342 1106 legiones
365 1025 502 1104 utroque
514 1019 565 1086 ,ab
585 1020 740 1103 exercitu,
763 1042 841 1105 quas
856 1019 1009 1085 Visellius

67 1192 72 1204 ,
93 1132 134 1191 et
158 1125 202 1191 O..
218 1124 315 1190 Silius
337 1124 480 1190 adversis
502 1125 670 1191 itineribus
694 1125 893 1207 obiecerant,
919 1147 1009 1191 arcu·

93 1234 204 1295 erunt.
249 1229 504 1315 praemissusque
535 1250 606 1294 oum
624 1229 762 1314 delecta
785 1230 1010 1296 'manululius
1020 1256 1044 1295 10

92 1334 200 1399 indus
224 1356 242 1398 e
266 1334 393 1399 civitate
418 1332 546 1415 eadem,
572 1332 700 1402 discors¹
714 1334 813 1398 Floro
839 1339 872 1398 et
892 1354 1010 1397 navan-

98 1437 160 1502 dae
180 1458 299 1523 operae
317 1436 450 1519 avidior,
473 1435 670 1502 inconditam
691 1436 930 1502 multitudinem
946 1436 1009 1501 dis-

94 1543 198 1607 iecit
236 1541 352 1607 Florus
384 1542 513 1606 incertis
543 1541 675 1608 latebris
706 1542 845 1606 victores
877 1542 1008 1607 frustra·

94 1651 167 1727 tus,
197 1649 360 1730 postremo
388 1645 465 1708 visis
487 1645 642 1710 militibus
666 1645 720 1730 qui
742 1645 863 1730 effugia
883 1646 1009 1711 insede·

94 1757 179 1832 rant,
202 1773 262 1815 sua
282 1772 379 1814 manu
403 1751 527 1816 cecidit.
566 1752 658 1835 isque
674 1750 836 1815 Treverioi
854 1751 1043 1815 tumultusrc

98 1857 182 1920 finis

164 1960 216 2024 43.
248 1957 347 2043 Apud
361 1957 496 2023 Aeduos
511 1958 613 2023 maior
628 1958 730 2022 moles
746 1963 868 2041 exorta,
888 1961 1006 2043 quanto

98 2063 211 2128 civitas
237 2061 420 2147 opulentior
442 2066 475 2126 et
498 2061 729 2147 comprimendi
751 2061 873 2146 procul
886 2061 1007 2146 praesi-

98 2167 197 2232 dium.
242 2165 529 2251 Augustodunum
545 2172 640 2251 caput
669 2165 774 2250 gentis
801 2165 938 2232 armatis
956 2186 1008 2229 oo·
1087 2183 1089 2188 ·

96 2269 244 2334 hortibus
275 2269 422 2334 Sacrovir
455 2274 694 2354 occupaverat,
716 2268 944 2333 nobilissimam
973 2276 1009 2335 ut

96 2373 278 2439 Galliarum
300 2374 444 2439 subolem
462 2373 649 2438 liberalibus
665 2373 782 2438 studiis¹
795 2379 959 2458 operatam
975 2381 1029 2439 cta

96 2480 233 2565 pignore
250 2486 399 2564 parentes
414 2479 677 2565 propinquosque
693 2478 896 2563 adiungeret,
913 2480 1007 2544 simul

95 2605 185 2648 arma
200 2584 325 2647 occulte
339 2583 494 2648 fabricata
507 2585 666 2649 iuventuti
681 2583 838 2668 dispertit.
871 2584 1006 2669 quadra-

95 2688 186 2771 ginta
207 2683 296 2751 milia
317 2687 418 2770 fuere,
441 2688 553 2772 quinta
574 2688 623 2752 sui
646 2693 736 2773 parto
755 2688 941 2771 legionariis
956 2711 1006 2753 or-

96 2793 165 2876 mis,
188 2793 287 2856 ceteri
311 2813 381 2857 cum
403 2793 570 2858 venabulis
594 2800 627 2858 et
647 2792 755 2857 cultris
778 2814 921 2878 quaeque
945 2794 1008 2858 alia

95 2896 287 2961 venantibus
310 2897 384 2960 tela.
422 2897 584 2962 adduntur
607 2919 624 2962 e
649 2897 784 2962 servitiis
806 2898 1006 2982 gladiaturae
1017 2922 1042 2961 ιο

96 3001 263 3085 destinati,
294 3001 408 3086 quibus
438 3022 528 3066 more
557 3001 685 3086 gentico
717 3001 902 3066 continuum
931 3003 1007 3068 ferri

96 3106 255 3190 tegimen:
285 3106 515 3192 cruppellarios
538 3113 672 3189 vocant,
694 3105 870 3170 inferendis
891 3106 1006 3170 ictibus

96 3211 267 3294 inhabiles,
290 3211 484 3297 accipiendis
505 3210 766 3297 inpenetrabiles.
808 3209 1008 3293 augebantur

97 3333 152 3378 eae
177 3311 291 3399 copiae
313 3315 490 3380 vicinarum
506 3315 672 3379 civitatum
686 3317 722 3377 ut
735 3310 881 3378 nondum
896 3320 1019 3398 aperta

98 3419 323 3504 consensione,
352 3420 398 3484 ita
426 3419 546 3484 viritim
568 3418 725 3504 promptis
748 3414 861 3480 studiis
884 3424 917 3481 et
940 3439 1042 3485 cer-rs

97 3523 215 3588 tamine
246 3522 363 3589 ducum
385 3523 621 3606 Romanorum,
651 3543 732 3608 quos
755 3520 839 3586 inter
862 3523 1006 3608 ambige-
