2444 4010
232 307 269 346 ΑΒ
283 306 410 347 Excusso
423 307 489 346 DIVI
503 305 630 346 AUGUSTI
643 306 679 344 III
693 304 777 344 'lt—ld.
803 305 835 344 IV
849 306 867 344 1.
944 299 999 356 159

51 541 53 545 Ι
86 465 212 530 (latone
234 465 392 530 avunculo
409 466 530 548 genita,
554 463 590 528 O.
608 463 710 528 Cassii
731 485 824 546 uxor,
847 465 891 530 M.
907 465 999 529 Bruti

84 592 188 636 soror.
232 575 461 636 testamentum
482 569 583 634 multo
607 567 694 654 apud
715 568 848 652 vulgum
870 591 999 634 rumore

83 675 158 757 fuit,
185 675 261 759 quia
283 677 317 740 in
339 677 465 758 magnis
489 677 617 760 opibus,
648 695 719 740 oum
742 674 843 739 ferme
868 679 1021 738 ounotoso

85 799 238 862 proceres
276 800 348 845 oum
375 781 505 845 ‘honore
538 779 791 859 nominavisset,
827 779 997 844 Gaesarem

85 883 205 948 omisit.
241 884 328 967 quod
352 884 487 948 civiliter
510 890 691 968 aoeeptum3
715 903 820 968 neque
836 883 999 968 prohihuit
1068 943 1069 946 ,

84 1007 148 1070 quo
179 988 283 1052 minus
305 988 492 1052 laudatione
514 1009 573 1072 pro
595 989 707 1053 rostris
732 989 910 1072 ueterisque
934 988 998 1052 sol·

84 1091 246 1156 lemnibus
276 1091 371 1156 funus
401 1095 674 1158 cohonestaretur.
718 1094 832 1179 viginti
862 1095 997 1158 alerissi·

84 1217 211 1260 marum
226 1196 417 1260 familiarum
432 1197 590 1280 imagines
604 1197 763 1262 antelatae
778 1205 861 1280 sunt,
876 1197 997 1279 Manlii,
1009 1215 1033 1256 ro

86 1300 228 1374 Quinctii
250 1300 375 1384 aliaque
399 1301 545 1365 eiusdem
566 1301 743 1367 nobilitatis
761 1302 900 1368 nomina.
939 1301 998 1366 sed

83 1404 330 1488 praefulgebant
347 1404 475 1468 Cassius
499 1410 594 1489 atque
609 1404 729 1470 Brutus
751 1427 789 1470 eo
808 1406 887 1490 ipso,
911 1405 998 1490 quod

84 1508 209 1593 effigies
231 1529 344 1573 eorum
367 1529 432 1572 non
456 1508 650 1573 visebantur.

290 1829 570 1980 ooaunmr
588 1859 780 1980 nanim

190 2095 257 2168 AB
285 2093 505 2204 EXCESSU
533 2093 641 2167 DIVI
668 2093 891 2168 AUGUSTI

439 2275 562 2333 omna
583 2275 637 2333 Ν.

151 2555 178 2618 1.
210 2553 246 2618 0.
262 2551 378 2619 Asinio
396 2553 431 2620 Ο.
447 2554 588 2620 Antistio
614 2558 799 2622 oonsulibus
821 2578 925 2622 nonus
944 2558 996 2621 Ti-

83 2659 171 2725 berio
193 2680 296 2724 annus
317 2665 385 2722 erat
401 2659 598 2743 compositae
613 2661 662 2724 rei
677 2661 835 2746 publicae,
853 2663 995 2726 florentia

84 2766 199 2830 domus
229 2762 317 2844 (nam
346 2765 531 2830 Germanioi
561 2770 699 2830 mortem
729 2765 812 2830 inter
841 2785 997 2850 prospera

19 2907 22 2914 ·
83 2867 258 2952 ducebat),
291 2890 362 2933 oum
393 2874 527 2952 repente
559 2869 704 2960 turbare0
719 2869 848 2933 fortuna
880 2869 996 2954 eoepit,

82 2975 206 3042 saevire
230 2975 301 3057 ipse
323 2978 377 3038 aut
400 2973 615 3038 saevientibus
633 2973 718 3037 vires
734 2973 901 3057 praebere.
939 2973 1017 3037 ini-a

81 3079 162 3142 tium
186 3084 219 3142 et
241 3099 338 3142 eausa
360 3099 460 3163 penes
480 3077 611 3143 Aelium
635 3077 787 3142 Seianum
810 3079 995 3143 cohortibus

82 3183 252 3268 praetoriis
284 3184 499 3268 praefectum,
532 3183 621 3247 ouius
653 3181 693 3246 de
725 3181 872 3267 potentia
900 3201 997 3265 supra

83 3287 278 3352 memoravi:
301 3308 385 3351 nuno
406 3285 567 3369 originem
590 3306 697 3350 mores
720 3292 753 3350 et
775 3307 838 3370 quo
854 3285 995 3351 facinore
1080 3357 1081 3360 Ἴ

82 3392 337 3457 dominationem
369 3397 496 3475 raptum
530 3393 603 3455 ierit
637 3389 818 3475 expediam.
857 3375 996 3472 ‘genitus

81 3495 238 3562 Vulsiniis
263 3504 354 3582 patre
377 3494 452 3561 Seio
476 3495 634 3560 Strabone
659 3496 766 3580 equite
788 3493 937 3560 Romano
963 3500 1032 3560 etro
