2444 4010
249 325 286 364 AB
301 325 428 366 EXGESSU
441 326 507 366 DIVI
520 327 649 368 AUGUSTI
662 328 685 368 11
698 327 783 368 54-56.
933 326 970 383 93

68 490 229 570 possetque
246 485 393 549 interitus
403 485 525 550 inimici
536 485 578 550 ad
592 508 699 552 casum
709 487 833 570 referri,
848 489 972 556 miserit

68 587 193 654 triremis
223 607 358 674 quarum
387 589 529 654 subsidio
562 590 736 658 discrimini
764 593 970 658 eximeretur.

67 713 160 777 neque
189 699 299 759 tamen
328 693 492 777 mitigatus
514 694 591 760 Piso
623 702 656 761 et
680 697 737 762 rix
761 697 826 762 diei
847 718 1007 764 moramao

67 816 227 883 perpessus
254 799 369 884 linquit
392 797 621 864 Germanicum
649 801 892 886 praevenitque.
939 809 972 868 et

65 907 223 987 postquam
250 901 376 988 Syriam
405 924 442 968 ao
472 903 619 988 legiones
649 905 771 989 attigit,
800 907 971 990 largitione

66 1005 190 1090 ambitu,
218 1007 344 1072 infimos
368 1007 614 1092 manipularium
637 1008 794 1092 iurando,
819 1030 898 1073 eum⁴
914 1032 970 1075 ve·

65 1114 140 1176 teres
173 1112 396 1194 centuriones,
435 1134 566 1178 severos
602 1113 748 1179 tribunos
784 1114 972 1181 demoveret

64 1213 190 1302 locaque
207 1238 320 1282 eorum
336 1217 505 1282 clientibus
521 1217 587 1282 suis
602 1217 654 1282 vel
670 1217 843 1283 deterrimo
856 1221 970 1306 cuique
981 1245 1005 1284 aa

65 1320 253 1404 attribueret,
278 1320 436 1388 desidiam
458 1322 633 1404 incastris,
656 1323 820 1387 licentiam
834 1323 869 1389 in
883 1325 970 1389 urbi-

64 1421 131 1508 bus,
162 1445 279 1510 vagum
308 1447 345 1490 ac
373 1426 595 1491 lascivientem
623 1448 682 1511 per
711 1448 807 1510 agros
836 1427 970 1494 militem

65 1528 187 1613 sineret,
217 1550 257 1594 eo
281 1551 382 1615 usque
407 1530 620 1614 corruptionis
643 1536 816 1614 provectus
840 1538 905 1614 est,
935 1537 971 1597 ut

65 1652 202 1698 sermone
230 1633 321 1718 vulgi
349 1654 466 1719 parens
493 1633 659 1719 legionum
680 1634 864 1702 haberetur.
910 1655 969 1700 nec

64 1735 207 1804 Plancina
239 1759 275 1803 se
304 1738 389 1804 intra
422 1738 540 1804 deeora
569 1739 697 1804 feminis
729 1740 877 1823 tenebat,
910 1741 1003 1806 aedae

65 1843 209 1908 exercitio
227 1843 380 1927 equitum,
401 1842 787 1909 decursibuscohortium
801 1845 968 1929 interesse,
1014 1875 1016 1880 ·

64 1945 320 2034 inAgrippinam,
335 1948 370 2012 in
383 1947 611 2014 Germanicum
627 1950 837 2015 contumelias
852 1951 967 2033 iacere,

64 2052 253 2135 quibusdam¹
274 2052 371 2117 etiam
396 2053 556 2118 bonorum
579 2054 716 2118 militum
740 2052 782 2117 ad
804 2054 890 2119 mala
913 2055 969 2119 ob·

65 2157 165 2239 saquis
185 2157 354 2241 promptis,
378 2157 466 2242 quod
487 2157 576 2223 haud
598 2159 698 2222 invito
717 2158 968 2242 imperatoreos

64 2256 123 2322 fieri
151 2260 296 2328 occultus
325 2281 435 2325 rumor
457 2260 637 2328 incedebat.
682 2267 760 2326 nota
782 2261 861 2326 baec
885 2261 1002 2327 Ger-es

64 2365 198 2447 manico,
232 2363 290 2428 sed
323 2364 486 2449 praeverti
518 2363 560 2431 ad
589 2363 764 2429 Armenios
797 2364 968 2430 instantior

66 2485 131 2530 eura
152 2467 222 2532 fuit.
883 2551 884 2558 ἵ

120 2573 169 2637 56.
192 2571 356 2657 Ambigua
377 2593 458 2657 gens
481 2594 521 2638 ea
544 2573 717 2658 antiquitus
736 2573 902 2637 hominum
918 2575 968 2638 in·

66 2677 156 2756 geniis
175 2683 208 2742 et
223 2678 287 2742 situ
301 2684 469 2759 terrarum,
493 2677 645 2762 quoniam
660 2679 779 2742 nostris
794 2677 967 2762 provinciis

65 2774 119 2843 late
137 2786 305 2865 praetenta
317 2783 447 2867 penitus
463 2782 505 2846 ad
519 2780 635 2848 Medos
651 2781 840 2867 porrigitur3
864 2781 967 2846 maxi·

66 2882 175 2969 nisque
208 2887 353 2973 imperiis
384 2885 543 2950 interiecti
577 2890 609 2950 et
641 2885 769 2969 saepius
802 2883 968 2951 discordes

68 2994 129 3052 sunt
142 2973 296 3056 adversus
307 2989 474 3057 Romanos
490 2989 564 3056 odio
579 2995 611 3054 et
622 2990 656 3053 in
667 2988 823 3053 Parthum
837 2988 988 3054 invidias

67 3108 163 3172 regem
174 3093 230 3158 illa
240 3100 433 3179 tempestate
443 3114 508 3158 non
520 3093 682 3159 habebant
692 3100 800 3158 amoto
810 3093 965 3160 Vonone:

68 3193 116 3256 sed
128 3195 216 3264 favor
229 3199 369 3263 nationis
384 3198 558 3265 inclinabat
573 3198 606 3264 in
622 3199 797 3280 Zenonem,
812 3198 965 3262 Polemo-

68 3296 107 3362 nis
127 3303 211 3388 regis
225 3301 354 3367 Pontici
375 3301 488 3385 filium,
511 3301 599 3387 quod
614 3303 641 3366 is
658 3302 761 3388 prima
776 3303 816 3366 ab
832 3300 966 3366 infantia

68 3399 197 3470 institute
220 3412 253 3471 et
269 3407 390 3472 cultum
405 3406 635 3472 Armeniorum
651 3405 830 3472 aemulatus
847 3412 966 3473 venatu

68 3508 158 3588 epulis
192 3517 226 3576 et
259 3531 342 3594 quae
372 3511 435 3576 alia
463 3511 591 3578 barbari
623 3511 787 3577 celebrant
815 3531 999 3596 proceresro
