2444 4010
212 294 268 352 118
543 299 794 340 oonnnnrrrsomr

208 456 353 523 boduum
383 464 417 525 et
444 480 498 523 res
527 467 636 542 gestas
665 465 701 523 ut
732 447 830 525 ovans
853 459 964 543 iniret,
995 460 1120 545 prolato

208 563 333 630 honore
355 565 470 630 urbem
492 563 632 629 intravit.
668 570 744 647 post
766 584 849 649 quae
871 585 928 630 reo
943 564 982 629 L.
998 563 1120 629 Arrun·

187 668 298 751 etium,
320 667 358 733 P.
381 666 554 750 Vinicium,
576 667 727 734 Asinium
743 668 882 751 Gallum,
904 667 1122 734 Aeserninum

206 772 408 856 Marcellum,
433 773 508 838 Sex.
528 773 723 858 Pompeium
745 771 899 859 patronos
920 775 1046 860 petenti
1070 775 1122 838 iis-

208 897 271 961 que
295 876 423 941 diverse
446 877 673 944 excusantibus
695 876 751 942 M'.
769 876 913 962 Lepidus
936 883 970 941 et
991 875 1029 942 L.
1045 877 1122 942 Piso

209 986 241 1046 et
262 980 428 1046 Livineius
446 981 592 1067 Regulus
615 979 758 1065 adfuere,
782 983 913 1048 edrecta
935 983 1023 1046 omni
1047 983 1124 1048 civi-

206 1091 285 1168 tate,
308 1091 428 1171 quanta
448 1087 530 1151 fides
552 1085 662 1150 amicis
681 1085 875 1169 Germanici,
899 1107 981 1171 quae
1004 1085 1125 1151 fiducia

172 1207 274 1272 roreo,
298 1190 381 1254 satin
403 1188 569 1256 cohiberet
591 1211 629 1255 ec
651 1199 814 1275 premeret
836 1213 949 1258 sensus
973 1192 1124 1256 11108Τί-

207 1292 326 1358 berius.
363 1293 449 1357 haud
472 1293 551 1358 alias
574 1293 728 1359 intentior
751 1296 890 1380 populus
911 1297 984 1380 plus
1006 1296 1069 1360 sibi
1092 1297 1123 1360 in

206 1396 385 1482 principem
418 1396 563 1463 occultae
595 1397 683 1462 vocis
716 1407 772 1464 eut
800 1400 975 1484 suspicacis
1004 1401 1126 1468 silentii

207 1501 369 1586 permisit.

274 1605 324 1669 12.
356 1604 419 1670 Die
442 1614 573 1670 senatus
590 1604 709 1670 Caesar
730 1605 909 1671 orationem
924 1606 1038 1672 hebuit
1054 1628 1124 1672 me·

208 1707 308 1772 ditato
339 1714 606 1796 temperamento.
650 1710 751 1795 patris
780 1709 829 1774 sui
857 1711 1002 1796 legatum
1025 1718 1124 1797 atque
1216 1775 1217 1778 ,

207 1813 345 1878 amioum
366 1813 521 1880 Pisonem
542 1813 639 1878 fuisse
663 1813 909 1899 adiutoremque
927 1815 1124 1880 Germanico

208 1916 317 1982 datum
348 1940 366 1983 a
398 1939 432 1983 se
461 1923 597 1983 auctore
629 1922 743 1982 senetu
772 1916 868 1982 rebus
898 1916 985 2002 apud
1015 1918 1125 1984 orien-

186 2027 275 2087 stem
289 2019 558 2088 administrandis.
593 2021 659 2087 illic
675 2022 878 2089 contumacia
891 2027 925 2086 et
938 2024 1125 2088 certamini·
1215 2075 1216 2084 ,

206 2125 266 2190 bus
289 2132 470 2211 asperasset
490 2127 639 2191 iuvenem
658 2127 810 2211 exituque
826 2127 963 2192 laetatus
980 2133 1068 2192 esset
1085 2150 1126 2193 en

207 2230 330 2295 scelere
360 2230 554 2296 extinxisset
576 2229 711 2315 integris
734 2230 847 2296 animis
871 2230 1126 2296 diiudicandum.

207 2354 292 2416 ,nam
315 2334 343 2398 si
364 2335 492 2420 legatus
516 2335 612 2401 officii
634 2336 806 2418 terminos,
830 2335 1021 2419 obsequium
1046 2356 1125 2422 erga

206 2437 436 2522 imperatorem
470 2441 560 2505 exuit
591 2439 799 2526 eiusdemque
833 2446 937 2507 morte
969 2447 1003 2504 et
1032 2442 1125 2506 luctu

175 2564 282 2612 remeo
304 2543 442 2610 laetatus
466 2549 524 2627 est,
548 2544 648 2610 odero
665 2565 883 2630 seponamque
901 2566 920 2609 a
935 2545 1032 2612 domo
1050 2567 1126 2610 mee

208 2654 241 2713 et
269 2647 409 2733 privatas
438 2648 621 2716 inimicitias
649 2669 717 2714 non
737 2651 770 2713 vi
793 2648 945 2735 principis
968 2649 1124 2714 ulciscar:

206 2751 256 2816 sin
281 2751 404 2817 lacinus
432 2751 465 2816 in
488 2752 718 2838 cuiuscumque
741 2752 926 2818 mortalium
948 2773 1029 2818 nece
1052 2755 1124 2818 vin-

207 2853 380 2920 dicandum
411 2855 591 2941 detegitur,
622 2876 681 2920 vos
711 2877 790 2921 vero
823 2862 857 2920 et
886 2855 1008 2922 liberos
1040 2858 1124 2922 Ger·

207 2959 324 3024 manici
348 2966 381 3024 et
403 2981 464 3026 nos
486 2966 638 3045 parentes
653 2959 745 3025 iustis
760 2959 888 3025 solaciis
903 2957 1042 3024 adficite.
1080 2959 1123 3022 si·
1211 3015 1212 3062 q

173 3088 199 3130 rs
207 3065 339 3150 mulque
362 3063 443 3130 illud
464 3069 630 3149 reputate,
652 3063 780 3128 turbide
805 3068 839 3128 et
860 3061 1016 3128 seditiose
1040 3068 1124 3126 trac·
1211 3071 1212 3150 i

207 3169 324 3234 taverit
336 3168 498 3232 exereitus
508 3167 595 3250 Piso,
612 3167 757 3252 quaesita
769 3167 832 3232 sint
842 3187 902 3252 per
913 3166 1123 3232 ambitionem
1211 3151 1212 3246 l

208 3272 314 3338 studio
336 3271 483 3354 militum,
507 3270 603 3336 armis
626 3270 766 3355 repetita
788 3270 963 3354 provincia,
986 3291 1028 3334 an
1043 3268 1124 3334 iales

207 3376 288 3441 haec
317 3376 351 3440 in
380 3375 483 3440 maius
509 3375 713 3460 vulgaverint
736 3380 957 3458 accusatores,
986 3395 1122 3460 quorum

210 3498 271 3560 ego
294 3478 401 3544 nimiis
423 3477 537 3543 studiis
560 3479 629 3544 iure
652 3499 836 3544 succenseo.
873 3499 949 3544 nam
971 3499 1034 3563 quo
1051 3498 1124 3563 per·
