2444 4010
278 323 316 361 AB
329 322 455 363 excussu
468 323 532 364 nm
545 323 672 364 aucusnl
685 325 716 364 rv
730 323 814 364 ro-ar.
944 317 1000 375 175

89 486 200 546 natum
230 479 376 566 datisque
398 481 557 547 indicibus
578 481 761 566 Urgulania
782 481 906 547 Silvani
918 484 1001 548 avia

89 584 265 669 pugionem
291 585 416 670 nepoti
432 586 534 650 misit.
575 585 662 671 quod
684 585 820 670 perinde
844 586 999 653 creditum
1009 607 1036 647 ιο

89 690 186 773 quasi
212 688 365 775 principis
396 690 522 754 monitu
554 688 595 754 ob
628 689 802 754 amicitiam
829 690 999 774 Augustae

88 815 161 858 eum
181 794 366 875 Urgulania.
397 815 472 858 reus
490 794 609 859 frustra
623 800 787 879 temptato
798 795 884 860 ferro
901 817 1000 862 venas

88 898 238 982 praebuit
253 898 479 984 exsolvendas.
510 920 589 962 mox
603 899 800 964 Numantina
814 900 903 984 prior
917 922 1000 965 uxor

88 1001 175 1084 eius,
207 1007 356 1066 accusata
381 1002 529 1068 iniecisse
545 1003 752 1067 ¹carminibus
783 1011 816 1068 et
837 1005 1000 1069 veneficiis

87 1104 295 1173 vaecordiam
317 1107 444 1188 marito,
466 1106 575 1171 insons
597 1107 767 1173 iudicatur.
994 1135 1035 1174 ¹15

154 1211 207 1274 23.
229 1210 264 1276 Is
280 1210 525 1278 demumannus
538 1213 695 1297 populum
705 1211 998 1298 Romanumlongo

89 1314 261 1381 adversum
275 1313 456 1380 -Numidam
479 1314 714 1382 Tacfarinatem
741 1317 829 1382 bello
852 1318 1000 1384 absolvit.

89 1420 309 1502 nampriores
333 1419 435 1484 duces.
453 1421 509 1485 ubi
531 1421 735 1506 impetrando
759 1421 1001 1507 triumphalium

89 1523 209 1608 insigni
238 1523 384 1589 sufficere
410 1545 472 1590 res
508 1545 585 1589 suas
617 1523 840 1607 crediderant,
873 1526 1001 1590 hostem

91 1625 298 1708 omittebant3
321 1628 448 1713 iamque
461 1625 532 1693 tres
547 1629 710 1694 laureatae
730 1631 764 1693 iu
779 1631 859 1694 urbe
875 1636 1021 1696 statuaer

91 1738 124 1795 et
157 1731 262 1797 adhuc
296 1733 444 1817 raptabat
474 1732 617 1797 Africam
648 1733 848 1816 Tacfarinas,
889 1743 1000 1800 auctus

90 1835 447 1919 Maurorumrauxiliim
479 1839 552 1922 qui,
584 1838 773 1902 Ptolemaeo
796 1838 998 1904 lubae'filio

89 1941 222 2006 iuventa
243 1940 423 2021 incurioso,
446 1941 581 2006 libertos
602 1941 711 2025 regios
732 1950 768 2006 et
786 1942 919 2007 ‘servilia
940 1944 999 2008 im·

90 2044 287 2128 periabello
311 2051 524 2111 mutaverant.
566 2047 763 2130 'praedarum
790 2051 1001 2132 recepturae

91 2151 197 2215 socius
219 2149 396 2234 populandi
417 2171 477 2214 rex
501 2151 748 2233 Garamantum,
780 2171 845 2216 non
870 2159 906 2216 ut
929 2157 1036 2219 cuniis

91 2255 237 2320 exercitu
258 2253 424 2319 incederet
447 2254 505 2318 sed
523 2255 628 2318 missis
643 2255 769 2336 levibus
786 2257 896 2342 copiis,
912 2277 1001 2340 .quae

91 2381 147 2424 em
161 2359 340 2445 longinquo
359 2359 404 2423 ¹iu
436 2360 538 2424 maius
561 2360 793 2442 audiebanturg
825 2361 959 2446 ipsaque
983 2363 1008 2425 e'

89 2463 272 2548 provincia,
296 2468 331 2526 ut
353 2463 424 2547 quis
445 2463 575 2528 fortuna
597 2465 707 2549 inops,
734 2465 880 2530 moribus
901 2467 1001 2532 turbi-

90 2567 168 2648 dus,
200 2566 378 2651 promptius
406 2566 559 2647 ruebant,
586 2566 666 2650 quia
694 2567 814 2633 Caesar
837 2578 920 2653 ¹post
950 2590 1001 2634 res

90 2668 242 2736 aBlaeso
259 2677 376 2754 gestas,
401 2669 620 2754 quasinullis
632 2671 695 2734 iam
718 2672 751 2735 in
769 2672 883 2738 Africa
901 2674 1036 2738 hosti-rr

89 2777 169 2857 bus,
191 2777 351 2860 reportari
372 2797 490 2840 nonam
513 2774 677 2859 legionem
699 2778 836 2842 iusserat
858 2799 919 2860 nec
941 2800 1000 2862 pro
1039 2835 1044 2844 ,

90 2880 223 2944 consule
247 2879 316 2943 eius
339 2880 416 2944 anni
429 2879 465 2944 P.
477 2879 651 2944 Dolabella
664 2881 805 2946 retinere
822 2902 918 2946 ausus
934 2891 1002 2947 erat

90 2985 178 3050 iussa
199 2983 351 3067 principis
374 2984 487 3067 magis*
500 2991 596 3067 quam
612 2983 735 3048 incerta
750 2985 828 3049 belli
842 2991 1005 3051 metuens,

158 3088 209 3150 242
244 3085 349 3170 Igitur
379 3087 577 3153 Tacfarinas·
594 3088 739 3174 disperso
771 3110 905 3154 rumore
931 3112 1002 3156 rem

88 3193 272 3257 Romanam
306 3191 376 3256 aliis
400 3211 538 3275 ¹quoque
572 3193 612 3258 ab
643 3193 842 3257 nationibus·
866 3195 1012 3258 lacerari

92 3316 199 3378 eoque
218 3295 374 3380 paulatim
387 3294 499 3360 Africa
515 3294 674 3362 decedere
691 3305 730 3360 ac
747 3302 847 3381 posse
857 3297 1001 3382 reliquos

92 3402 332 3481 circumveniri,
360 3403 390 3466 si
410 3403 527 3468 cuncti
559 3402 673 3489 quibus
706 3401 836 3466 libertas
869 3403 1000 3468 servitio

92 3507 202 3591 potior
220 3507 452 3586 incubuissent
470 3517 570 3591 auget
581 3507 676 3590 ‘vires
693 3505 873 3590 positisque
890 3509 1023 3573 castriso
