2444 4010
201 280 257 339 154
534 287 783 330 connnnrrssorrr

200 454 293 512 rente
325 449 445 533 geniti,
481 449 711 533 reddendaque
741 449 806 514 filio
838 449 920 514 dixit
936 450 1115 522 ¹adnuente

198 549 340 616 Tiberio.

264 659 316 722 69.
347 656 393 723 At
410 657 579 724 Oornelius
593 657 766 724 Dolabella
790 658 867 724 dum
891 658 1117 726 adulationem

197 761 326 844 longius
362 763 523 847 sequitur,
564 762 727 846 increpitis
763 761 799 828 O.
829 762 929 827 Silani
968 763 1117 829 moribus

197 865 323 930 addidit
344 867 459 951 nequis
482 867 548 930 vita
569 865 744 950 probrosus
767 871 800 930 et
823 873 956 950 opertus
980 867 1119 932 insanus

196 973 393 1056 provinciam
417 973 586 1038 sortiretur
608 973 706 1057 idque
729 971 879 1056 princeps
904 971 1114 1036 diiudicaret.

173 1097 269 1140 enam
301 1076 470 1161 alegibus
500 1077 618 1142 delicta
646 1078 769 1161 puniri:
800 1082 919 1161 quanto
943 1078 1052 1142 mitius
1080 1079 1116 1142 in

195 1183 299 1266 ipsos,
321 1183 437 1246 melius
459 1183 493 1248 in
517 1183 621 1247 socios
644 1182 807 1267 provideri
829 1203 870 1246 ne
894 1184 1116 1266 peccaretur?

194 1286 368 1352 adversum
390 1307 472 1371 quae
489 1286 639 1350 disseruit
655 1285 790 1350 Caesar:
814 1306 880 1350 non
897 1284 1029 1370 quidem
1044 1285 1117 1350 sibi

193 1391 306 1476 ignara
328 1413 409 1477 quae
434 1391 474 1456 de
499 1391 606 1456 Silano
629 1390 861 1474 vulgabantur,
892 1388 1040 1455 sednon
1068 1411 1116 1454 ex

193 1515 323 1562 rumore
347 1495 563 1560 statuendum.
601 1497 721 1560 multos
743 1496 774 1558 in
799 1494 972 1579 provinciis
995 1501 1116 1560 centra

159 1612 289 1685 1⁰quam
311 1623 384 1686 spes
406 1607 462 1664 aut
484 1606 589 1664 metus
619 1597 660 1663 de
682 1598 744 1662 illis
767 1598 865 1662 fuerit
888 1599 1013 1682 egisse:
1046 1618 1112 1662 ex-

193 1705 285 1770 citari
314 1704 470 1789 quosdam
501 1704 543 1768 ad
572 1703 707 1768 meliora
735 1703 959 1785 magnitudine
983 1722 1114 1785 rerum,

192 1807 368 1873 hebescere
383 1808 475 1873 alios'
502 1828 608 1892 neque
622 1826 718 1892 posse
734 1807 913 1890 prinoipem
929 1827 987 1881 sua
998 1806 1112 1872 scien·

191 1912 236 1974 tia
259 1919 373 1977 cuncta
389 1911 561 1996 complecti
575 1931 680 1996 neque
696 1909 852 1994 expedire
875 1918 911 1974 ut
928 1910 1111 1976 ambitione

191 2015 296 2080 aliena
327 2017 481 2082 trabatur.
526 2016 600 2080 ideo
637 2015 728 2097 leges
759 2014 792 2077 in
825 2014 910 2078 facta
941 2016 1108 2098 constitui,

157 2105 265 2205 roquia
287 2121 394 2186 futura
416 2121 449 2186 in
472 2122 593 2184 incerto
611 2121 683 2182 sint.
721 2119 766 2182 sio
783 2139 802 2182 a
820 2119 996 2184 maioribus
1009 2119 1106 2184 insti-

190 2231 310 2309 tutum,
344 2233 395 2308 ut,
429 2226 454 2288 si
482 2225 636 2291 antissent
665 2222 797 2303 delicta,
827 2244 953 2308 poenae
982 2243 1103 2307 seque-

189 2335 310 2392 rentur.
341 2350 382 2392 ne
406 2334 571 2394 verterent
593 2327 756 2411 sapienter
773 2333 903 2410 reperta
922 2336 954 2392 et
971 2348 1105 2411 semper

189 2430 317 2515 placita.
349 2433 426 2497 satis
450 2454 581 2499 onerum
598 2430 804 2516 principibus,
828 2433 905 2496 satis
928 2432 1026 2497 etiam
1041 2453 1103 2517 po·

189 2537 319 2602 tentiae.
353 2538 455 2601 minui
472 2537 550 2616 iura,
569 2535 716 2620 quotiens
733 2535 848 2617 gliscat
866 2542 1020 2620 potestas,
1039 2558 1103 2602 nec

154 2657 180 2698 2⁰
188 2641 345 2705 utendum
366 2641 512 2724 imperio,
535 2641 591 2704 ubi
608 2639 734 2722 legibus
756 2639 809 2722 agi
826 2639 937 2724 possit.
979 2647 1102 2724 quanto

188 2746 288 2810 rarior
304 2746 390 2829 apud
403 2745 566 2811 Tiberium
579 2743 787 2830 popularitas,
803 2750 892 2809 tanto
908 2745 1103 2812 laetioribus

187 2850 300 2915 animis
316 2857 458 2935 accepta.
494 2859 590 2935 atque
611 2849 667 2913 ille
683 2847 827 2933 prudens
847 2850 1050 2932 moderandi,
1075 2853 1102 2916 si

185 2955 316 3040 propria
346 2956 393 3019 ira
424 2977 490 3018 non
521 2952 756 3038 impelleretur,
796 2952 921 3018 addidit
956 2954 1097 3020 insulam

187 3059 331 3143 Gyarum
353 3059 497 3123 inmitem
520 3063 552 3120 et
575 3056 644 3121 sine
668 3057 756 3122 cultu
774 3057 957 3122 hominurn:
981 3057 1098 3124 darent

153 3161 297 3228 asluniae
320 3162 458 3227 familiae
482 3169 515 3226 et
537 3162 605 3226 viro
622 3161 784 3247 quondam
801 3161 921 3226 ordinis
938 3162 1095 3246 eiusdem,

185 3273 222 3332 ut
238 3266 401 3350 Cythnum
424 3268 531 3349 potius
555 3266 758 3332 concederet.
792 3266 825 3329 id
847 3287 994 3334 sororem
1016 3289 1097 3353 quo·

186 3390 250 3453 que
272 3370 371 3435 Silani
392 3370 605 3455 Torquatam,
630 3369 752 3454 priscae
778 3371 1008 3438 sanctimoniae
1032 3373 1095 3438 rir-

186 3472 304 3554 ginem‚
316 3479 482 3554 expetere.
503 3472 536 3536 in
545 3471 627 3538 banc
638 3474 830 3539 seutentiam
839 3475 922 3540 sacta
933 3475 1095 3542 discessio.
