2444 4010
210 315 267 372 176
550 318 801 360 consumarem

209 480 415 545 Thubuscum
445 479 599 564 oppidum
632 479 848 543 circumsidet.
895 485 929 543 at
950 476 1124 543 Dolabella

210 589 373 648 contracto
398 583 484 667 quod
501 589 570 648 erat
585 583 734 666 militum,
756 589 883 671 terrore
898 583 1041 647 nominis
1055 580 1125 647 Ro·

209 688 294 753 mani
324 694 357 752 ct
379 687 453 771 quia
475 686 637 752 Numidae
659 686 809 770 peditum
831 687 935 752 aciem
957 687 1044 752 ferre
1068 707 1128 751 ne·

208 798 340 878 queunt,
355 792 458 877 primo
472 791 521 855 sui
532 793 660 857 incessu
675 791 772 856 solvit
785 791 946 856 obsidium
962 791 1131 856 locorum-

174 917 271 982 mque
282 895 683 980 opportunapermunivit3
700 895 795 960 simul
804 894 971 980 principes
980 895 1132 960 Musula·

208 1000 347 1064 mierum
371 997 586 1063 defectionem
617 1004 808 1082 coaptantes
838 999 944 1063 securi
973 999 1132 1082 percutit.

210 1103 285 1168 dein
300 1103 374 1188 quia
388 1101 532 1186 pluribus
547 1101 721 1167 adversum
732 1102 972 1169 Tacfarinatem
987 1104 1134 1189 expedi-

209 1206 349 1272 tionibus
371 1206 535 1288 eognitum
554 1226 620 1270 non
638 1207 728 1290 gravi
745 1227 806 1270 nec
819 1227 884 1271 uno
900 1209 1035 1273 incursu
1050 1229 1132 1275 con-

210 1309 397 1374 sectandum
411 1308 536 1372 hostem
553 1329 681 1393 vagum,
698 1311 806 1375 excito
824 1330 897 1375 cum
912 1311 1132 1397 popularibus

175 1412 494 1499 1cregePtolemaeo
518 1419 671 1497 quattuor
693 1417 823 1498 agmina
844 1421 948 1501 parat,
971 1437 1058 1500 quae
1083 1418 1131 1482 le-

209 1519 292 1604 gatis
321 1523 376 1582 aut
401 1517 537 1581 tribunis
568 1516 655 1600 data3
692 1523 725 1584 et
755 1519 980 1604 praedatorias
1011 1541 1129 1586 manus

210 1623 327 1688 delecti
351 1622 535 1686 Maurorum
559 1621 698 1686 duxere:
728 1623 798 1707 ipsa
822 1624 989 1688 consultor
1012 1621 1130 1690 aderat

211 1728 367 1793 omnibus.
792 1773 795 1778 .
900 1803 906 1820 Ι

275 1833 327 1895 25.
358 1831 427 1896 Neo
457 1830 558 1894 multo
587 1835 661 1913 post
686 1829 830 1895 adfertur
851 1829 1014 1896 Numidas
1038 1832 1128 1918 apud

211 1937 377 2002 castellum
393 1934 591 2015 semirutum,
615 1933 655 1998 ab
671 1934 748 2018 ipsis
764 1922 928 2018 quondam
944 1935 1128 2018 incensum,

211 2042 262 2106 cui
290 2060 409 2104 nomen
430 2038 558 2120 Auzea,
589 2038 702 2123 positis
728 2039 908 2124 mapalibus
937 2039 1126 2106 consedisse

210 2146 285 2210 fisos
313 2145 404 2224 loco,
442 2143 522 2227 quia.
546 2143 644 2206 vastis
673 2143 792 2207 circum
828 2143 962 2210 saltibus
995 2146 1128 2212 claude-

189 2253 312 2316 cbatur.
356 2254 425 2312 tum
455 2246 627 2331 expeditae
659 2248 810 2312 cohortes
840 2248 993 2332 alaeque,
1030 2270 1127 2334 quarn

210 2356 243 2419 in
265 2359 391 2439 partem
422 2351 615 2417 ducerentur
643 2351 792 2434 ignarae,
826 2351 889 2416 cito
920 2353 1052 2436 agmine
1074 2376 1125 2419 ra-

211 2459 351 2545 piuntur.
395 2455 553 2540 simulque
582 2461 718 2541 coeptus
741 2455 811 2520 dies
834 2463 869 2520 et
892 2463 1052 2523 concentu
1074 2465 1125 2523 tu-

211 2564 324 2627 barum
352 2581 390 2626 ac
415 2561 497 2624 truci
524 2560 664 2624 clamore
692 2559 828 2624 aderant
854 2561 1070 2627 semisomnos
1091 2563 1126 2626 in

211 2666 380 2749 barbaros,
411 2663 608 2750 praepeditis
630 2662 843 2728 Numidarum
874 2665 966 2749 equis
996 2672 1053 2730 aut
1076 2666 1124 2731 di-

178 2804 203 2844 10
211 2793 323 2839 versos
345 2776 456 2857 pastus
477 2767 727 2854 pererrantibus.
762 2768 802 2833 ab
819 2769 981 2835 Romanis
1001 2771 1125 2836 confer-

211 2884 263 2942 tus
285 2876 397 2961 pedes,
421 2875 595 2959 dispositae
618 2880 754 2955 turmae,
777 2879 892 2937 cuncta
906 2874 1032 2958 proelio
1051 2896 1124 2960 pro·

212 2984 296 3048 risa:
327 2980 474 3046 hostibus
500 2984 611 3044 eontra
634 2977 778 3043 omniurn
799 2977 916 3042 nesciis
938 2999 1005 3042 non
1028 3001 1122 3062 arma,

212 3109 278 3154 non
294 3085 385 3171 ordo,
402 3106 468 3150 non
484 3083 663 3164 consilium,
678 3081 737 3146 sed
752 3102 908 3166 pecorum
924 3080 1024 3146 modo
1040 3084 1122 3149 trahi

213 3191 318 3258 occidi
341 3191 421 3276 capi.
461 3189 604 3254 infensus
626 3187 719 3253 miles
741 3187 900 3252 memoria
919 3187 1068 3252 laborum
1088 3195 1123 3254 ot

179 3298 384 3371 cadversum
394 3294 556 3360 eludentis
569 3297 699 3378 optatae
715 3291 835 3358 totiens
846 3311 976 3378 pugnae
992 3312 1028 3358 se
1040 3293 1123 3378 quis·

214 3421 277 3485 que
298 3400 422 3464 ultione
446 3403 479 3464 et
501 3397 656 3480 sanguine
680 3395 867 3481 explebant.
902 3394 1049 3460 differtur
1066 3417 1123 3482 per

214 3501 406 3584 manipulos,
427 3501 661 3566 Tacfarinatem
685 3520 807 3581 omnes,
829 3505 942 3565 notum
962 3505 1013 3564 tot
1030 3519 1122 3584 proe-
