2444 4010
214 269 269 325 14ss
541 272 790 314 consummetur

211 435 331 498 mansit.
349 440 456 498 tamen
479 431 568 518 prior
592 433 724 498 animus.
770 431 830 495 sod
854 432 1048 518 praecipuus
1070 429 1118 494 ad·

212 538 312 604 stricti
334 539 432 602 moris
451 543 565 602 auctor
578 536 798 622 Vespasianus
819 537 888 616 fuit,
910 536 1043 621 antiquo
1057 537 1119 620 ipse

175 643 299 708 occultu
321 643 483 726 victuque.
527 641 717 725 obsequium
739 640 814 704 inde
838 641 871 702 in
893 639 1073 725 prinoipem
1093 646 1121 702 et

211 747 394 811 aemulandi
417 767 508 810 amor
530 744 667 811 validior
690 751 787 829 quam
809 765 917 830 poena
937 766 979 809 ex
1002 745 1121 828 legibus

211 855 244 914 et
266 855 381 914 metus.
427 848 489 913 nisi
515 847 601 912 forte
624 848 721 913 rebus
745 849 869 914 cunctis
891 851 975 914 inest
997 849 1122 934 quidam

210 956 301 1020 velut
321 955 417 1036 orbis,
440 961 476 1017 ut
499 973 595 1038 quem
619 952 817 1017 admodum
840 960 1027 1039 temporum
1041 955 1122 1019 vices

169 1086 173 1094 ·
210 1059 255 1124 ita
284 1081 409 1124 morum
439 1062 621 1138 vertantur3
656 1077 717 1122 neo
752 1057 860 1121 omnia
888 1058 976 1143 apud
1004 1059 1123 1143 priores

176 1163 359 1244 remeliora,
391 1160 449 1226 sed
479 1167 592 1224 nostra
622 1182 750 1245 quoque
782 1167 872 1226 aetas
901 1163 1004 1226 multa
1025 1161 1123 1227 laudis

210 1273 244 1332 et
272 1267 388 1331 artium
418 1265 574 1331 imitanda
604 1266 744 1351 posteris
776 1266 861 1330 tulit.
905 1288 1019 1332 verum
1048 1269 1123 1332 haec

209 1370 303 1436 nobis
316 1371 467 1434 inanimo
483 1391 553 1435 res:
570 1371 744 1435 certamina
756 1391 798 1433 ex
813 1372 951 1435 honesto
965 1375 1123 1436 maneant.

276 1477 328 1541 56.
359 1475 507 1540 Tiberius
535 1475 620 1540 fama
642 1474 874 1540 moderationis
899 1483 1008 1561 parta,
1042 1476 1133 1562 quod.

210 1581 388 1665 ingruentis
412 1571 614 1645 accusatores
636 1587 846 1664 represserat,
872 1581 971 1643 mittit
994 1580 1124 1661 litteras,

210 1686 282 1771 quis
311 1690 507 1771 potestatem
538 1683 742 1748 tribuniciam
765 1683 873 1748 Druso
906 1685 1050 1770 petebat.
1094 1685 1124 1749 id

210 1791 324 1854 summi
346 1788 465 1874 fastigii
489 1787 679 1853 vocabulum
701 1786 876 1873 Augustus
898 1791 1063 1875 repperit,
1086 1811 1123 1854 ne

189 1894 296 1979 sregis
325 1900 381 1959 aut
411 1892 576 1958 dictatoris
607 1913 726 1957 nomen
749 1893 933 1958 adsumeret
958 1915 996 1959 ac
1019 1900 1124 1960 tamen

209 1998 428 2084 appellatione
452 1997 560 2079 aliqua
578 1999 806 2081 praemineret.
838 1997 984 2062 Marcum
1008 1998 1123 2064 deinde

208 2102 390 2189 Agrippam
419 2102 558 2185 socium,
591 2098 661 2184 quo'
686 2102 840 2166 defuneto
871 2103 1037 2169 Tiberium
1060 2104 1123 2169 Ne·

208 2227 323 2272 renem
341 2205 473 2288 delegit,
496 2226 537 2269 ns
561 2225 728 2268 successor
750 2206 782 2268 in
805 2206 929 2272 incerto
949 2208 1044 2273 foret.
1082 2209 1124 2272 sio

209 2310 353 2375 cobiberi
375 2331 491 2395 pravas
515 2308 651 2373 aliorum
673 2330 747 2394 spes
770 2311 917 2393 rebatur;
942 2313 1037 2376 simul
1057 2334 1123 2376 mo-

175 2434 200 2475 1⁰
210 2415 332 2480 destiae
347 2414 488 2479 Neronis
512 2419 545 2479 et
567 2435 644 2478 suae
665 2414 880 2499 magnitudini
895 2416 1028 2480 fidebat.
1062 2436 1122 2501 quc

208 2523 284 2582 tuno
314 2518 464 2603 exemplo
488 2517 636 2582 Tiberius
659 2519 804 2583 Drusum
831 2541 973 2586 summae
997 2522 1046 2585 rei
1068 2520 1122 2586 ad·

207 2623 324 2706 movit,
357 2645 429 2687 oum
458 2621 611 2687 incolumi
635 2623 830 2688 Germanico
854 2623 1020 2708 integrum
1042 2625 1123 2691 inter

209 2725 291 2790 duos
313 2725 466 2790 iudicium
489 2725 655 2790 tenuisset.
695 2723 753 2789 sed
769 2727 928 2812 principio
945 2711 1122 2794 litterarum

207 2836 380 2896 veneratus
400 2829 488 2911 deos,
512 2837 549 2894 ut
571 2829 705 2894 consilia
727 2851 784 2894 sua
806 2831 853 2895 rei
876 2831 1025 2916 publicae
1048 2854 1122 2918 pro·

173 2954 199 2993 1s
207 2940 382 3020 sperarent,
406 2935 533 3000 modica
555 2934 595 2999 de
618 2935 762 2999 moribus
781 2935 999 3002 adulescentis
1016 2958 1122 3023 neque

206 3040 239 3103 in
267 3038 384 3104 falsum
412 3047 506 3104 aucta
534 3038 668 3103 rettulit.
715 3059 786 3103 esse
810 3039 858 3102 illi
888 3042 1061 3126 coniugem
1091 3049 1122 3107 et

207 3145 415 3208 tres‘liberos
440 3163 576 3226 eamque
599 3146 754 3225 aetatem,
782 3163 845 3226 qua
867 3144 937 3227 ipse
962 3145 1121 3228 quondam

207 3270 227 3311 a
249 3247 324 3312 divo
343 3247 494 3330 Augusto
518 3245 560 3309 ad
583 3246 818 3331 capessendum
839 3248 903 3312 hoe
927 3271 1043 3314 munus
1064 3273 1121 3315 vo-

208 3359 298 3416 catus
317 3351 367 3416 sit.
398 3373 502 3436 neque
522 3371 607 3415 nuno
621 3373 763 3436 propere
779 3351 838 3417 sed
853 3373 913 3438 per
931 3360 1004 3418 octo
1020 3375 1120 3418 annos

174 3461 302 3541 meapte
322 3455 556 3540 experimento,
580 3458 771 3542 compressis
787 3456 1011 3541 seditionibus,
1034 3479 1120 3523 eom·
