2498 4010
210 266 249 320 34
419 283 432 306 .-
540 266 678 307 ooaunuu
692 267 789 307 racrrr

210 430 400 494 retinebant.
451 429 549 513 igitur
579 427 698 492 ansar
729 449 816 490 arma
849 427 983 492 classem
1015 426 1129 492 socios·

210 533 379 598 demittere
401 533 517 599 Rheno
541 537 648 617 parat,
671 533 697 595 si
719 533 889 617 imperium
911 532 1118 614 detrectatur,

175 660 200 698 10
209 638 294 702 bello
320 643 508 702 certaturus.
601 689 603 696 Α

273 742 325 806 46.
357 739 402 804 At
424 740 548 805 Romae
571 740 714 804 nondum
744 741 890 823 cognito,
924 742 977 826 qui
1006 742 1118 806 fuisset

209 846 315 916 exitus
346 845 380 908 in
410 843 562 929 Illyrico,
597 847 629 907 et
660 843 824 928 legionum
856 843 1119 908 Germanicarum

208 957 298 1013 motu
327 948 454 1030 audito,
487 947 614 1032 trepida
643 948 754 1011 civitas
786 949 931 1014 incusare
955 949 1119 1013 Tiberium

119 1111 122 1116 ,
210 1053 307 1138 (Ῑιιοό,Ι
330 1051 407 1115 dum
428 1058 537 1136 patres
554 1057 586 1117 et
608 1053 746 1136 plebem,
769 1053 911 1117 invalida
927 1059 960 1118 et
975 1055 1119 1136 inermia,

186 1157 414 1221 sounctatione
426 1157 501 1221 ficta
515 1156 706 1238 ludificetur,
718 1156 871 1221 dissideat
885 1159 1013 1223 interim
1027 1159 1118 1223 miles

210 1285 314 1348 neque
331 1261 466 1326 duorum
482 1261 737 1328 adulescentium
758 1262 903 1327 nondum
918 1263 1028 1354 adulta
1043 1285 1118 1328 auo-

209 1369 339 1432 toritate
363 1367 530 1452 comprimi
551 1374 656 1452 queat.
701 1368 748 1431 ire
771 1368 876 1452 ipsum
898 1372 931 1431 et
953 1389 1118 1453 opponere

209 1472 409 1536 maiestatem
437 1471 677 1555 imperatoriam
699 1471 849 1560 debuisse
880 1473 1033 1554 cessuris,
1063 1472 1119 1536 ubi

209 1575 385 1659 principem
414 1575 513 1658 longa
539 1576 741 1660 experientia
772 1577 974 1662 eundemque
998 1578 1118 1641 severi-

175 1680 282 1743 iotatis
320 1687 352 1744 et
388 1679 623 1743 munificentiae
644 1701 821 1743 summum
858 1679 1023 1744 vidissent.
1078 1702 1120 1744 an

208 1781 391 1867 Augustum
413 1783 497 1847 fessa
513 1789 619 1848 aetate
635 1785 754 1848 totiens
773 1785 805 1848 in
821 1784 1008 1849 Germanias
1032 1806 1118 1849 com·

208 1907 317 1950 meare
340 1887 499 1971 potuisse:
523 1886 686 1951 Tiberium
703 1888 868 1970 vigentem
890 1889 981 1952 annis
997 1888 1119 1956 ,sedere

208 1990 242 2052 in
265 1996 388 2072 senatu,
410 1991 510 2056 verba
533 1996 659 2076 patrum
683 1991 911 2056 cavillantem?
944 1993 1025 2056 satis.
1044 2014 1118 2077 pro·

207 2101 354 2179 spectum
388 2096 529 2159 urbanae
566 2095 732 2159 seruituti:
779 2096 968 2160 militaribus
1006 2099 1120 2162 animis

173 2222 199 2260 15
208 2197 393 2263 adhibenda
415 2199 566 2278 fomenta,
589 2203 624 2262 ut
646 2199 730 2265 ferre
754 2220 868 2283 pacem
890 2201 1000 2266 velint.

228 2379 230 2382 Ι
274 2304 325 2365 47.
357 2301 520 2366 Inmotum
547 2304 702 2372 adversus
731 2325 787 2369 eos
811 2326 975 2370 sermones
1004 2307 1120 2371 fixum-

209 2427 270 2493 que
286 2407 415 2472 Tiberio
439 2407 498 2472 fuit
520 2428 586 2471 non
603 2408 751 2473 omittere
775 2414 876 2493 caput
893 2411 1001 2473 'rerum
1012 2409 1120 2495 neque

209 2533 244 2576 se
259 2532 390 2595 remque
406 2510 567 2595 publicam
582 2511 615 2574 in
636 2532 743 2575 casum
759 2511 846 2577 dare.
884 2513 985 2576 multa
1001 2514 1120 2598 quippe

210 2621 242 2679 et
274 2616 401 2679 diversa
437 2616 616 2699 augebant:
654 2615 791 2678 validior
824 2637 883 2700 per
915 2616 1121 2682 Germaniam

186 2721 380 2801 sexercitua
403 2720 535 2804 propior
558 2719 645 2802 apud
666 2719 882 2799 Pannoniam3
919 2720 974 2785 ille
999 2722 1119 2787 Gallia-

209 2846 279 2887 rum
301 2824 415 2908 opibus
439 2823 604 2904 subnixus,
627 2822 679 2887 hic
701 2822 815 2886 Italiae
839 2824 1015 2888 inminens:
1040 2847 1121 2909 quos

209 2930 307 3014 igitur
321 2930 519 2994 anteferret?
543 2950 580 2992 ac
602 2948 643 2991 no
667 2929 838 3012 postpositi
854 2929 1049 2994 contumelia
1072 2929 1119 2992 in·

210 3033 433 3098 conderentur.
471 3038 504 3096 at
526 3052 585 3116 per
606 3031 689 3099 filios
712 3032 929 3115 pariteradiri
950 3033 1121 3097 maiestate

210 3138 308 3219 salva,
338 3138 552 3201 cuimaiore
583 3136 759 3220 longinquo
789 3137 982 3201 reverentia.
1026 3137 1121 3202 sirnul

175 3257 201 3296 10
210 3241 470 3306 adulescentibus
504 3249 691 3327 excusatum
729 3241 886 3324 quaedam
918 3241 961 3304 ad
996 3247 1122 3326 patrem

211 3345 332 3408 reicere
356 3345 598 3428 resistentisque
616 3343 807 3410 Germanico
829 3351 885 3411 aut
899 3345 1006 3410 Druso
1023 3367 1121 3432 posse

211 3469 231 3510 a
254 3467 287 3511 se
309 3448 448 3532 mitigari
471 3449 523 3518 vel
546 3447 689 3531 infringi:
714 3447 800 3533 quod
823 3450 908 3514 aliud
934 3449 1121 3533 subsidium,
