2444 4010
243 325 280 382 88
572 332 711 374 coaunnn
724 333 823 373 rsc1r1

243 490 403 576 provisior
426 492 620 576 graviorque
643 491 753 576 pestis.
790 510 896 574 neque
912 490 1040 555 solitum
1055 491 1084 555 in
1097 489 1145 553 tali

208 583 224 616 '
245 615 321 660 casu
337 596 493 681 effugium
508 594 729 677 subveniebat,
745 595 779 658 in
794 601 906 679 aperta
920 593 1144 680 prorumpendi,

225 700 320 785 ⁵quia
336 699 475 766 diductis
488 699 583 764 terris
594 699 834 766 hauriebantur.
863 698 986 763 sedisse
997 698 1145 763 inmensos

244 808 380 888 montes,
402 804 472 868 risa
485 810 521 869 ut
536 802 638 868 ardua
653 823 735 888 quae
750 803 846 889 plana
860 803 988 886 fuerint,
1005 803 1147 869 effulsisse

244 908 328 973 inter
349 907 474 974 ruinam
496 909 590 991 ignes
611 913 803 972 memorant.
841 907 1018 992 asperrima
1039 908 1071 972 in
1085 906 1146 972 Sar·
1210 977 1211 990 ,

245 1011 359 1076 dianos
391 1012 461 1077 lues
492 1012 665 1099 plurimum
693 1011 727 1076 in
757 1011 898 1076 eosdem·
920 1010 1147 1077 misericordiae

243 1114 357 1179 traxit:
383 1135 458 1180 uam
486 1114 630 1196 centiens
653 1114 835 1180 sestertium
857 1115 1020 1200 pollicitus
1044 1115 1148 1181 ansar

210 1239 235 1278 10
244 1223 278 1282 et
298 1223 454 1303 quantum
475 1219 599 1285 aerario
623 1224 679 1283 aut
699 1220 777 1283 fisco
801 1218 989 1304 pendebant
1011 1219 1046 1284 in
1067 1222 1148 1306 quin·
1210 1213 1211 1244 l

245 1324 418 1407 quennium
448 1323 583 1388 remisit.
629 1322 799 1406 Magnetes
829 1345 849 1387 a
878 1323 989 1408 Sipylo
1020 1322 1149 1408 proximi

245 1426 361 1493 damno
376 1449 413 1492 ac
425 1427 568 1494 remedio
581 1427 693 1492 habiti.
721 1428 1149 1514 TemnicsPhiladelphenos
1210 1435 1211 1442 ’

243 1529 408 1616 Aegeatas
425 1530 704 1617 Apollonidenses
725 1525 846 1617 ‘quique
859 1533 1001 1598 Mosteni
1024 1534 1148 1599 autMa·

244 1637 385 1704 cedones
403 1637 548 1722 Hyrcani
570 1641 726 1700 vocantur
750 1643 783 1700 et
797 1635 1079 1703 Hierocaesariam
1091 1636 1150 1721 My·
1210 1711 1211 1714 Ἴ

210 1741 346 1806 crinem
380 1740 506 1827 Cymen
536 1740 687 1805 Tmolum
717 1740 819 1808 levari
849 1735 937 1806 idem
967 1742 1000 1806 in
1034 1748 1150 1827 tempus
1211 1769 1212 1776 κ

244 1847 371 1912 tributis
393 1845 540 1931 mittique
564 1865 606 1911 ex
630 1849 744 1910 senatu
766 1845 889 1929 placuit
909 1846 963 1930 qui
977 1845 1152 1931 praesentis

245 1957 407 2036 spectaret
428 1951 666 2034 refoveretque.
706 1949 850 2014 delectus
874 1955 923 2014 est
943 1949 988 2015 Μ.
1003 1948 1118 2015 Ateius
1136 1969 1150 2012 e

244 2056 425 2141 praetoriis,
443 2076 484 2121 ne
502 2055 662 2121 consulari
678 2055 843 2121 obtinente
859 2052 972 2118 Asiam
988 2053 1150 2120 aemulatio
1210 2041 1211 2050 ¹

244 2159 328 2225 inter
349 2181 444 2244 pares
467 2167 501 2225 et
524 2182 567 2226 ex
589 2180 628 2226 eo
652 2159 920 2246 impedimentum
945 2166 1099 2226 oreretur.

308 2265 361 2327 48.
393 2262 597 2348 Magnificam
619 2263 653 2328 in
674 2263 838 2349 publicum
852 2263 1057 2350 largitionem
1072 2265 1152 2329 auxit

246 2366 366 2432 ansar
387 2367 475 2434 haud
496 2369 601 2434 minus
623 2374 715 2453 grata
737 2368 942 2452 liberalitate,
966 2369 1055 2453 quod
1075 2371 1153 2435 bona

244 2468 403 2536 Aemiliae
439 2473 553 2539 Musae
583 2472 755 2557 locupletis
787 2472 957 2538 intestatae
996 2475 1097 2559 petita
1124 2474 1153 2536 in

243 2575 356 2640 fiscum
370 2575 512 2642 Aemilio
525 2576 663 2662 Lepido,
679 2577 769 2641 cuius
784 2597 801 2642 e
817 2575 915 2640 domo
931 2576 1111 2660 videbatur,
1126 2581 1153 2639 et

223 2679 372 2746 ⁶Patulei
389 2680 497 2757 divitis
513 2682 630 2767 equitis
645 2682 785 2746 Romani
801 2680 1026 2764 hereditatem,
1050 2702 1153 2766 quam-

244 2804 340 2868 quam
368 2785 438 2870 ipss
461 2785 556 2852 heres
578 2787 612 2851 in
634 2793 725 2870 parte
749 2786 930 2868 legeretur,
959 2785 1094 2851 tradidit
1113 2783 1154 2848 M.
1207 2827 1208 2846 i

245 2888 399 2971 Servilio,
430 2910 527 2975 quem
549 2887 711 2975 prioribus
733 2908 839 2972 neque
862 2889 1021 2973 suspectis
1043 2887 1154 2954 tabulis

244 2992 399 3077 scriptum
427 3001 647 3078 compererat,
677 2993 880 3058 nobilitatem
909 2994 1075 3078 utriusque
1102 3014 1154 3078 pe·

245 3097 339 3161 cunia
360 3097 532 3163 iuvandam
555 3098 733 3183 praefatus:
757 3118 862 3182 neque
880 3097 1068 3182 cuiusquam
1083 3096 1155 3162 adiit

210 3201 306 3266 ronisi
336 3221 408 3266 cum
431 3201 571 3266 amicitia
593 3204 781 3268 meruisset:
809 3203 939 3287 ignotos
963 3210 997 3268 et
1019 3204 1090 3268 aliis
1111 3203 1154 3266 in·

243 3306 352 3370 fensos
376 3326 480 3390 eoque
503 3307 683 3392 principem
705 3313 927 3392 nuncupantes
941 3309 1056 3393 procul
1072 3325 1154 3374 arce·

244 3410 310 3474 bat.
356 3417 499 3474 ceterum
528 3415 565 3474 ut
586 3410 757 3475 honestam
780 3411 999 3477 innocentium
1022 3431 1154 3497 pauper·

244 3516 346 3576 tatem
368 3511 495 3606 levavit,
518 3512 563 3577 ita
584 3514 741 3598 prodigos
761 3519 794 3578 et
816 3515 858 3580 ob
879 3516 1002 3600 flagitia
1017 3525 1155 3601 egentes,

1191 3757 1204 3977 l
