2498 4010
324 316 361 355 sn
375 315 499 355 excussu
513 315 578 354 orvr
591 315 719 355 susosrr
732 317 743 356 1
757 316 841 354 ss-ss.
993 311 1028 364 41

120 472 248 536 maniae
274 473 438 538 descivere
470 472 621 537 sacerdos
647 473 733 557 apud
763 494 850 536 aram
873 473 1030 537 Ubiorum

120 583 248 642 oreatus
285 583 413 661 ruperat
450 577 566 660 vittas,
612 577 766 662 profugus
804 577 845 642 ad
882 576 1066 641 rebellesro

120 679 280 745 adductus
312 687 421 746 tamen
452 682 485 745 in
518 703 607 767 spem
643 682 831 746 elementiae
862 681 1030 746 Romanae

120 785 254 868 pertulit
276 785 374 868 patris
397 785 548 849 mandata
561 786 765 871 benigneque
783 793 939 872 exceptus
960 808 1032 851 eum

121 887 285 972 praesidio
317 888 473 954 Gallicam
501 889 534 953 in
562 889 665 974 ripam
695 890 812 954 missus
843 896 903 954 est.
949 889 1030 954 Ger-

121 992 249 1056 manico
273 992 411 1076 pretium
427 993 487 1057 fuit
503 999 690 1059 convertere
706 1015 824 1078 agmen
838 1001 1030 1080 pugnaturn-

121 1119 186 1183 que
209 1099 241 1162 in
265 1098 442 1162 obsidentis
458 1105 491 1161 et
507 1104 636 1183 ereptus
651 1100 804 1181 Segestes
827 1122 944 1185 magna
961 1117 1067 1164 oum1⁵

121 1204 375 1288 propinquorum
399 1209 431 1269 et
453 1204 617 1268 clientium
640 1227 745 1270 manu.
790 1206 918 1270 inerant
940 1207 1032 1271 ferni-

120 1329 184 1371 nae
207 1308 346 1391 nobiles,
375 1308 458 1372 inter
487 1329 566 1392 quas
589 1330 672 1372 uxor
693 1309 831 1374 Arminii
854 1310 1032 1395 eademque

121 1410 189 1476 filia
211 1411 363 1496 Segestis,
385 1411 491 1476 mariti
514 1413 616 1496 magis
633 1434 727 1497 quam
750 1415 891 1498 parentis
915 1416 1032 1499 animo,

122 1534 228 1599 neque
260 1515 364 1579 evicta
394 1516 428 1579 in
458 1515 604 1603 lacrimas
635 1538 741 1602 neque
772 1538 853 1583 voce
885 1519 1034 1603 supplex.

115 1603 310 1684 'ferebantur
348 1626 381 1685 et
413 1621 518 1705 spolia
547 1622 708 1687 Varianae
741 1623 841 1687 eladis
872 1624 1033 1708 plerisque
1043 1642 1069 1682 2⁰

122 1745 238 1788 eorum
260 1725 314 1808 qui
336 1730 403 1788 tum
426 1725 459 1788 in
483 1725 682 1791 deditionem
700 1727 871 1791 veniebant
893 1726 1034 1812 praedae

122 1827 216 1892 data:
240 1828 335 1891 simul
351 1829 503 1913 Segestes
516 1830 596 1915 ipse,
619 1831 733 1914 ingens
748 1832 817 1895 visu
832 1837 864 1896 et
879 1832 1035 1896 memoria

122 1933 229 1997 bonae
253 1933 415 1996 societatis
437 1921 619 2019 inpavidus.

139 2041 144 2050 '
190 2039 242 2102 58.
273 2039 382 2103 Verba
405 2039 474 2103 eius
496 2040 528 2104 in
551 2041 636 2104 hune
658 2039 791 2103 modum
813 2040 919 2105 fuere:
959 2061 1036 2122 ‚non

123 2141 177 2205 hio
207 2142 285 2204 mihi
313 2143 434 2226 primus
464 2164 540 2227 erga
568 2146 724 2230 populum
747 2144 931 2209 Romanurn
960 2144 1037 2208 fidei

123 2252 159 2310 et
190 2247 388 2311 constantiae
420 2247 500 2312 dies.
555 2269 597 2312 ex
630 2270 692 2333 quo
727 2271 746 2312 a
778 2249 852 2312 divo
884 2248 1034 2332 Augusto
1115 2266 1118 2272 ·

123 2348 254 2414 civitate
295 2350 431 2416 donatus
463 2373 551 2434 sum,
588 2353 707 2417 amieos
745 2353 955 2436 inimieosquo
994 2375 1037 2418 ex

123 2455 240 2520 vestris
272 2456 463 2520 utilitatibus
494 2457 619 2539 delegi,
656 2478 762 2542 noque
802 2457 875 2521 odio
913 2457 1057 2541 patriaes

124 2558 260 2644 (quippe
296 2560 478 2644 proditores
507 2561 605 2624 etiam
645 2560 684 2624 iis
715 2582 796 2645 quos
834 2566 1036 2646 anteponunt

123 2662 252 2744 invisi),
275 2684 387 2728 verum
416 2664 491 2748 quia
512 2663 669 2728 Romanis
693 2667 927 2751 Germanisque
949 2667 1036 2730 idem

124 2769 307 2834 conducere
325 2775 357 2833 et
373 2791 485 2854 pacem
500 2791 595 2855 quarn
609 2770 732 2834 bellum
747 2770 934 2854 probabam.
959 2791 1035 2854 ergo

124 2879 289 2958 raptorem
317 2873 419 2956 filiae,
447 2873 638 2938 violatorem
666 2873 824 2954 foederis,
855 2874 1038 2938 Arminium

124 2977 213 3063 apud
225 2978 359 3059 Varum,
375 2978 512 3062 quitum
532 2977 688 3042 exereitui
708 2977 924 3061 praesidebat,
946 2999 1037 3042 reum
1049 3001 1073 3040 ro

123 3082 198 3148 feei.
245 3081 361 3145 dilatus
383 3082 520 3165 segnitia
536 3081 634 3164 ducis,
659 3083 733 3167 quia
755 3103 869 3166 parum
887 3083 1039 3167 praesidii

125 3187 159 3251 in
182 3185 327 3270 legibus,
351 3191 387 3248 ut
410 3207 461 3250 me
485 3194 518 3251 et
540 3186 722 3251 Arminium
746 3193 778 3250 et
802 3187 946 3251 conscios
969 3187 1038 3251 vin-

127 3293 209 3358 eiret
229 3292 386 3376 flagitavi:
409 3293 500 3356 testis
515 3293 571 3357 illa
585 3313 663 3374 nox,
687 3292 764 3356 mihi
786 3291 909 3355 utinam
931 3290 1039 3375 potius

127 3396 317 3462 novissima!
334 3415 417 3480 quae
430 3402 548 3480 secuta,
561 3396 673 3461 defleri
686 3395 788 3478 magis
801 3415 895 3479 quarn
909 3392 1040 3458 defendi

127 3507 278 3586 possunt:
316 3505 457 3565 aeterum
486 3507 518 3566 et
547 3501 641 3565 inieei
676 3505 806 3564 eatenas
831 3497 978 3562 Arminio
1007 3503 1074 3563 etrs
