2444 4010
231 343 287 402 100
567 345 819 389 coannnrruacrrr

230 507 405 574 Bastarnas
420 504 621 591 Scythasque
643 504 861 592 praetendens
883 503 978 570 novis
999 507 1143 592 peditum

231 617 264 678 et
288 612 432 698 equitum
455 611 558 698 copiis
573 631 644 676 sese
660 609 816 675 firmabat.
853 609 996 676 molliter
1010 612 1144 696 rescrip-

195 723 316 801 comm,
354 717 381 783 si
413 716 500 783 fraus
532 715 676 798 abesset,
708 735 806 800 posse
838 735 913 792 eum
942 714 1144 782 innocentiae

230 822 347 905 fidere,
383 826 527 888 ceterum
558 841 665 906 neque
699 841 735 886 se
769 841 875 905 neque
907 827 1054 887 senatum
1086 819 1143 885 nisi

232 926 362 1013 cognita
377 946 472 991 causa
486 925 535 990 ius
551 931 585 992 et
598 924 746 990 iniuriam
765 923 980 990 discreturos:
1007 923 1144 1011 proinde

230 1028 349 1095 tradito
391 1027 495 1115 cotye
534 1029 661 1095 veniret
698 1029 951 1114 transferretque
990 1030 1143 1096 invidiam

232 1132 382 1200 criminis.

296 1241 347 1305 66.
381 1237 446 1303 Eas
475 1237 600 1304 litteras
627 1238 772 1305 Latinius
795 1236 947 1303 Pandusa
968 1259 1029 1326 pro
1051 1261 1144 1325 prae·

230 1347 301 1408 tora
325 1342 471 1408 Moesiae
495 1365 567 1409 cum
590 1343 755 1426 militibus,
778 1344 850 1428 quis
875 1342 976 1429 (lotys
999 1343 1145 1410 tradere·

229 1451 291 1530 tur,
314 1447 349 1512 in
362 1444 532 1512 Thraciam
553 1447 650 1513 misit.
687 1446 908 1532 Rhescuporis
923 1445 1007 1512 inter
1022 1445 1144 1513 metum

231 1555 264 1615 et
294 1550 376 1615 iram
408 1555 574 1617 cunctatus
606 1550 719 1615 maluit
749 1551 866 1636 patrati
901 1553 996 1636 qu'arn
1025 1549 1145 1637 incepti
1212 1531 1213 1612 l

208 1652 380 1720 slacinoris
402 1674 478 1720 reus
501 1675 590 1720 esse:
622 1653 726 1724 occidi
749 1653 857 1740 Ootyn
878 1654 969 1720 iubet
991 1661 1145 1721 mortem·

230 1779 292 1844 que
317 1765 432 1844 sponte
456 1764 617 1845 sumptam
639 1759 824 1824 ementitur.
861 1779 922 1824 nec
937 1764 1045 1825 tamen
1064 1759 1145 1825 an-

230 1882 282 1927 sar
309 1862 444 1948 placitas
474 1863 574 1928 semel
604 1868 690 1928 artes
719 1864 872 1947 mutavit,
901 1863 961 1929 sed
991 1864 1146 1930 defuncto

229 1966 389 2049 Pandusa,
413 1986 509 2052 quem
532 1965 592 2031 sibi
615 1966 775 2033 infensum
790 1966 1012 2054 Rhescuporis
1028 1989 1146 2054 argue·

229 2070 303 2156 bat,
326 2069 543 2156 Pomponium
566 2069 728 2150 Flaccum,
752 2077 896 2137 veterem
919 2071 1091 2157 stipendiis
1114 2075 1148 2136 et

195 2195 220 2235 10
229 2181 299 2241 arta
321 2195 393 2241 cum
415 2195 493 2259 rege
517 2172 659 2238 amicitia
681 2174 1008 2240 accommodatiorem
1030 2175 1075 2239 ad
1089 2175 1147 2240 fal·
1211 2159 1212 2206 ³

230 2279 372 2360 lendum,
396 2277 542 2344 Moesiae
564 2277 731 2363 praefecit.
884 2363 889 2372 ¹

295 2383 347 2447 67.
379 2383 573 2448 Flaccus'in
586 2381 756 2448 Thraciam
778 2387 997 2468 transgressus
1021 2403 1082 2469 per
1097 2381 1145 2446 in·

230 2487 341 2571 gantia
363 2486 521 2572 promissa
537 2485 682 2571 quamvis
698 2485 884 2571 ambiguum
901 2491 934 2550 et
948 2487 1073 2552 scelera
1088 2507 1146 2550 sua

229 2596 433 2677 reputantem
449 2591 592 2678 perpulit
606 2597 642 2656 ut
657 2590 822 2676 praesidia
836 2589 984 2656 Romana
998 2591 1146 2656 intraret.
1210 2637 1211 2646 κ

230 2696 425 2762 circumdata
447 2697 522 2762 hinc
543 2697 614 2781 regi
637 2695 745 2780 speeie
759 2695 893 2760 honoris
908 2692 1018 2761 valida
1032 2715 1147 2760 manus
1210 2713 1211 2718 ¹

207 2800 413 2886 stribunique
437 2806 470 2866 et
493 2800 698 2866 centuriones
720 2799 883 2866 monendo
909 2799 1076 2866 suadendo
1102 2804 1146 2882 et,

229 2913 348 2990 quanto
378 2906 506 2990 longius
529 2904 779 2988 abscedebatur,
802 2904 962 2989 apertiore
985 2902 1147 2984 custodis,

227 3014 394 3096 postremo
424 3029 560 3094 gnarum
586 3009 788 3076 necessitatis
810 3009 845 3074 in
866 3009 981 3074 urbem
1003 3015 1145 3074 traxere.

228 3120 396 3181 accusatus
427 3115 461 3181 in
490 3120 605 3181 senatu
635 3115 801 3180 abuxcre
826 3112 1146 3199 (respectantem,
1209 3177 1210 3182 ,

225 3225 262 3284 ut
285 3219 399 3307 procul
420 3241 522 3306 regno
546 3223 722 3285 teneretur.
758 3217 915 3283 Thraecia
930 3218 964 3282 in
978 3216 1145 3283 Rhoeme-

192 3325 333 3390 10talcen
355 3323 465 3407 filium,
489 3345 585 3410 quem
606 3322 748 3410 paternis
772 3321 915 3388 consiliis
938 3319 1147 3386 adversatum

227 3427 412 3509 constabat,
446 3429 544 3513 inque
575 3429 696 3492 liberos
731 3426 845 3510 Cotyis
879 3425 1049 3507 diriditur3
1084 3425 1145 3489 iis·

228 3547 291 3611 que
313 3529 457 3593 nondum
481 3530 599 3595 adultis
620 3529 845 3595 Trebellianus
864 3529 968 3595 Rufus
991 3535 1148 3614 praetura
