2444 4010
284 316 321 355 aa
334 315 460 356 nxcassu
474 313 797 356 orvraucusrrnrr-a.
938 307 993 364 113

93 473 282 558 prospectari
304 480 433 558 poterat
454 474 667 538 maerentium
688 475 782 538 turba
805 480 837 562 ep
851 473 994 558 rogitan-

92 577 165 640 tium
193 579 278 643 inter
307 580 359 660 se,
389 577 560 642 silentione
593 598 633 641 an
662 597 744 642 voce
772 577 880 661 aliqua
901 593 1030 662 egre-1⁶

94 681 227 746 dientem
256 682 455 766 exciperent.
495 701 602 765 neque
632 680 708 744 satis
729 682 897 745 constabat
918 681 996 766 quid

92 805 144 868 pro
167 793 312 870 tempore
334 786 428 866 foret,
451 805 524 849 cum
540 785 649 850 classis
664 785 818 870 paulatim
833 786 995 868 successit,

92 910 150 954 nou
172 890 286 972 alacri,
318 896 354 954 ut
376 889 519 973 adsolet,
541 890 695 975 remigio,
727 890 786 956 sed
809 891 931 956 cunctis
954 891 996 955 ad

91 993 245 1059 tristitiam
256 992 455 1079 compositis.
485 1000 657 1080 postquam
667 995 792 1061 duobus
805 1017 877 1061 cum
885 995 996 1060 liberis

91 1097 219 1162 feralem
241 1118 355 1163 urnam
376 1103 492 1163 tenens
511 1119 642 1184 egressa
657 1101 731 1164 navi
747 1100 860 1165 defixit
876 1101 1032 1182 oculos‚oo

92 1201 175 1267 idem
197 1203 341 1268 omnium
357 1204 513 1289 gemitus;
536 1226 642 1289 neque
666 1206 865 1272 discerneres
887 1206 998 1290 proxi-

92 1329 158 1373 mos
180 1309 313 1394 alienos,
337 1311 481 1382 virorum
502 1310 735 1381 feminarumve
756 1312 913 1396 planctus,
936 1311 999 1376 nisi

92 1414 174 1496 quod
189 1415 377 1480 comitatum
391 1413 592 1499 Agrippinae
608 1415 708 1499 longo
722 1437 869 1481 maerore
879 1416 998 1481 fessum

93 1519 175 1584 obvii
197 1527 230 1585 et
252 1525 398 1586 recentes
421 1522 454 1585 in
478 1520 591 1586 dolore
614 1521 790 1585 anteibant.

154 1624 183 1687 2.
213 1624 347 1690 Miserat
376 1625 455 1689 duas
483 1624 663 1708 praetorias
695 1625 844 1690 cohortes
871 1624 1000 1707 ansar,

92 1723 198 1791 addito
212 1732 249 1791 ut
263 1727 467 1813 magistratus
485 1726 654 1792 Calabriae
668 1726 833 1813 Apulique
856 1735 890 1794 et
906 1728 1000 1792 Oam-

92 1831 163 1914 paui
177 1851 328 1915 suprema
344 1852 422 1916 erga
433 1831 623 1896 memoriam
637 1831 695 1895 filii
707 1831 757 1896 sui
769 1831 1000 1916 muniafunge-

91 1941 208 1998 rentur.
246 1935 344 2019 igitur
362 1936 562 2001 tribunorum
579 1936 868 2022 centurionumque
883 1934 1002 2001 umeris

94 2038 214 2103 cineres
230 2039 456 2123 portabantur;
472 2039 712 2124 praecedebant
726 2041 890 2124 incompta
900 2041 1023 2125 signas

92 2145 176 2208 versi
192 2143 313 2226 fasccs3
337 2149 434 2229 atque
454 2144 509 2208 ubi
529 2145 672 2210 colonias
692 2146 1003 2229 transgrederentur,

93 2253 193 2312 atrata
220 2246 351 2333 plebes,
384 2247 521 2313 trabeati
551 2249 676 2333 equites
705 2270 764 2334 pro
797 2249 911 2334 opibus
940 2249 1004 2315 loci

92 2357 213 2416 vestem
238 2351 356 2416 odores
379 2351 504 2437 aliaque
527 2353 677 2418 funerum
699 2354 869 2419 sollemnia
884 2374 1005 2418 oroma·

93 2456 176 2522 bant.
216 2457 314 2522 etiam
336 2477 472 2542 quorum
496 2458 624 2523 diversa
640 2458 770 2543 oppida,
792 2464 902 2522 tamen
919 2457 1006 2524 obvii

16 2559 17 2566 ’
94 2566 125 2624 ct
145 2561 293 2627 victimas
316 2569 411 2646 atque
435 2583 506 2627 aras
530 2561 579 2626 dis
601 2562 749 2626 manibus
764 2567 944 2627 statuentes
958 2563 1040 2625 la-ro

95 2666 199 2732 cumis
230 2672 262 2731 ct
292 2666 600 2732 conclamationibus
625 2667 774 2732 dolorem
795 2666 1005 2731 testabantur.

94 2770 217 2837 Drusus
239 2771 445 2835 Tarracinam
465 2790 657 2856 progressus
687 2777 736 2835 est
765 2790 838 2834 oum
869 2767 1004 2834 Olaudio

93 2873 189 2940 fratre
211 2875 387 2959 liberisque
411 2873 611 2958 Germanici,
634 2875 689 2959 qui
711 2874 745 2938 in
766 2875 846 2939 urbe
869 2873 1006 2939 fuerant.

95 2979 242 3044 consules
263 2980 309 3044 M.
332 2979 483 3044 Valerius
514 2986 547 3044 et
568 2979 613 3044 M.
636 2978 790 3043 Aurelius
820 2977 899 3060 (iam
922 2977 1006 3042 enim

95 3083 317 3168 magistratum
354 3082 560 3168 occeperant)
598 3089 631 3147 et
663 3089 793 3147 senatus
823 3102 860 3145 ao
890 3100 1042 3164 magnac

95 3208 167 3272 pars
190 3187 303 3272 populi
325 3187 412 3252 viam
435 3187 646 3272 complevere,
679 3186 805 3252 disiecti
827 3190 861 3250 et
882 3191 919 3249 ut
941 3184 1007 3248 cui·

97 3313 157 3376 que
178 3293 306 3358 libitum
322 3293 453 3374 flentes3
478 3291 590 3356 aberat
606 3293 726 3377 quippe
743 3289 884 3354 adulatio
900 3288 1008 3373 guaris

96 3394 213 3460 laetam
243 3395 373 3460 Tiberio
408 3396 592 3462 Germanici
626 3400 765 3460 mortem
796 3393 881 3458 male
914 3391 1007 3456 dissi·

99 3500 220 3566 mulari.
