2498 4010
347 304 384 342 AB
398 304 523 344 Excusso
536 304 601 344 Dm
614 303 742 345 AUGUSTI
755 305 766 344 1
779 305 837 345 4-o.
1024 303 1041 358 5

129 465 297 549 Illyricum
326 465 473 530 Tiberius
510 466 657 551 properis
695 467 805 530 matris
844 465 959 530 litteris
989 486 1042 530 ac-

130 568 231 649 citur;
277 591 382 654 neque
419 569 496 634 satis
535 577 724 654 conpertum
761 575 830 652 est,
867 571 1043 654 spirantem
1053 598 1077 635 15

130 673 236 738 adhuc
258 671 442 758 Augustum
466 696 507 739 an
530 674 712 739 exanimem
734 673 925 758 reppererit.
962 673 1043 736 acri-

130 778 191 841 bus
219 797 357 862 namque
385 778 539 843 custodiis
570 777 702 842 domum
725 784 758 842 et
780 779 848 842 vias
878 782 1045 861 saepserat

129 880 223 945 Livia
241 881 381 965 laetique
398 880 559 946 interdum
579 882 683 945 nuntii
698 881 923 965 vulgabantur,
940 881 1046 946 donec

130 983 270 1069 provisis
293 1006 375 1070 quae
405 991 533 1069 tempus
562 986 716 1051 monebat
746 985 843 1049 simul
866 985 1043 1050 excessisse

129 1088 316 1171 Augustum
339 1094 372 1153 et
393 1109 501 1154 rerum
524 1089 622 1174 potiri
637 1088 804 1154 Neronem
820 1088 906 1153 fama
929 1087 1079 1154 eademeo

130 1193 217 1257 tulit.

200 1299 229 1362 6.
260 1297 404 1363 Primum
426 1299 549 1365 facinus
577 1299 655 1364 novi
676 1297 875 1383 principatus
898 1297 959 1362 fuit
981 1297 1044 1361 Po·
1086 1356 1088 1360 ,

130 1403 231 1467 stumi
245 1397 411 1488 Agrippae
428 1404 555 1487 caedes,
579 1425 675 1486 quem
697 1403 848 1486 ignarum
870 1403 1044 1466 inermum-

130 1510 359 1593 quequamvis
381 1510 525 1574 firmatus
547 1509 654 1572 animo
680 1507 824 1573 centurio
848 1527 944 1591 aegre
969 1527 1045 1570 con-

129 1612 221 1676 fecit.
274 1612 353 1676 nihil
383 1613 424 1676 de
459 1633 497 1676 ea
530 1611 565 1676 rb
597 1611 745 1676 Tiberius
780 1609 867 1695 apud
899 1615 1046 1674 senatum

131 1716 302 1780 disseruit:
337 1715 435 1801 patris
466 1715 554 1780 iussa
585 1715 774 1797 simulabat,
807 1714 922 1799 quibus
952 1733 1068 1797 prae-s

130 1820 315 1903 scripsisset
337 1819 463 1884 tribuno
481 1818 648 1885 custodiae
671 1819 832 1904 adposito,
855 1839 896 1882 ne
917 1823 1046 1882 cuncta-

130 1930 224 1988 retur
245 1923 424 2008 Agrippam
446 1930 550 1990 morte
574 1923 728 2006 adficere,
760 1924 953 2009 quandoque
973 1924 1046 2007 ipse
1082 1953 1087 1966 ·

130 2048 322 2111 supremum
345 2027 432 2092 diem
462 2028 671 2112 explevisset.
716 2029 818 2092 multa
849 2028 918 2092 sine
950 2028 1048 2092 dubio

131 2153 295 2216 saevaque
307 2132 476 2216 Augustus
500 2133 542 2196 de
564 2133 707 2199 moribus
731 2133 946 2198 adulescentis
970 2153 1048 2218 que·

131 2245 204 2301 stus
227 2242 262 2300 ut
284 2237 418 2302 exilium
440 2236 509 2301 eius
533 2247 663 2302 senatus
689 2236 836 2302 consulto
872 2236 1050 2301 sanciretur
1058 2263 1082 2301 10

131 2341 332 2426 perfecerat:
365 2349 509 2406 ceterum
531 2342 564 2407 in
592 2343 712 2408 nullius
741 2362 894 2424 umquam
917 2362 1050 2406 suorum

131 2465 249 2509 necem
271 2444 397 2509 duravit
419 2465 525 2529 neque
548 2453 687 2510 mortem
710 2447 822 2530 nepoti
845 2466 904 2530 pro
932 2445 1050 2510 securi-

131 2553 204 2612 tate
240 2549 378 2633 privigni
416 2549 547 2613 inlatam
579 2548 753 2614 credibile:
801 2550 934 2633 propius
972 2571 1049 2616 vero

133 2652 301 2717 Tiberium
324 2673 361 2717 ac
383 2653 525 2735 Liviam,
548 2654 640 2718 illum
663 2662 768 2736 metu,
791 2655 874 2718 hanc
895 2675 1050 2719 noverca-

133 2755 221 2821 libus
253 2755 355 2836 odiis,
390 2757 530 2840 suspecti
569 2763 601 2822 et
633 2757 727 2822 invisi
758 2757 883 2822 iuvenis
915 2755 1084 2821 caedemrs

134 2859 351 2925 festinavisse.
388 2861 547 2925 nuntianti
564 2862 753 2945 centurioni,
769 2870 805 2926 ut
822 2882 890 2925 mos
905 2861 1050 2943 militiae,

133 2964 257 3028 factum
286 2984 357 3028 esse
386 2964 474 3049 quod
503 2966 709 3050 imperasset,
739 2987 844 3051 neque
873 2966 1050 3051 imperasse

134 3089 210 3134 sese
234 3075 267 3133 et
287 3069 448 3133 rationem
469 3069 545 3134 facti
570 3069 773 3135 reddendam
795 3076 873 3155 aput
903 3077 1050 3135 senatum

134 3172 315 3258 respondit.
347 3173 434 3259 quod
453 3179 624 3259 postquam
646 3174 816 3240 Sallustius
830 3173 961 3259 Crispus
976 3195 1050 3258 par-

134 3279 240 3361 ticeps
269 3285 468 3343 secretorum
492 3277 532 3359 (is
556 3278 597 3342 ad
620 3279 783 3344 tribunum
807 3278 937 3342 miserat
961 3277 1084 3342 cedi-ao

137 3379 245 3462 cillos)
278 3383 454 3466 comperit,
487 3389 634 3447 metuens
666 3404 708 3448 ne
740 3403 814 3447 reus
846 3381 1050 3466 subderetur,

136 3488 229 3550 iuxta
244 3485 388 3570 periculo
405 3508 463 3552 suo
478 3487 552 3553 ficta
568 3509 625 3552 seu
642 3509 718 3552 vera
734 3493 909 3572 promeret,
925 3489 1051 3553 monuit
