2498 4010
322 805 591 890 CORNELII
621 806 814 892 ΤΑΟΙΤΙ
865 896 867 900 ,

220 976 286 1050 ΑΒ
313 977 536 1052 EXOESSU
562 977 671 1051 DIVI
697 977 922 1054 AUGUSTI

485 1132 609 1191 ursus
629 1133 654 1193 1.

511 1299 615 1307 ——

184 1424 212 1484 1.
243 1419 368 1484 Urbem
385 1419 524 1484 Romam
541 1443 560 1485 a
575 1420 733 1506 principio
753 1441 849 1504 reges
865 1421 1024 1506 habuere3

113 1526 300 1589 libertatem
315 1529 347 1588 et
362 1523 564 1588 consulatum
575 1523 612 1588 L.
621 1525 741 1589 Brutus
756 1525 904 1590 instituit.
926 1525 1025 1591 dicta·

113 1639 209 1694 turae
233 1627 275 1692 ad
296 1633 424 1713 tempus
446 1629 669 1710 sumebantur3
698 1649 803 1714 neque
827 1628 1026 1694 decemvira-

112 1736 153 1799 lis
190 1738 333 1818 potestas
371 1732 454 1796 ultra
487 1732 653 1797 biennium
690 1753 796 1817 neque
825 1734 1026 1798 tribunorum

112 1839 256 1903 militum
285 1838 454 1902 consulare
483 1837 531 1900 ius
562 1836 616 1901 diu
648 1836 758 1901 valuit.
803 1856 870 1901 non
894 1835 1047 1919 Oinnae,s

113 1965 184 2008 non
198 1941 307 2007 Sullae
323 1942 422 2024 longa
437 1940 631 2022 dominati03
656 1946 689 2006 et
703 1941 840 2025 Pompei
857 1939 1027 2024 Crassique

113 2045 264 2132 potentia
286 2048 350 2110 cito
374 2046 408 2108 in
430 2043 612 2127 Gaesarem,
634 2044 751 2130 Lepidi
774 2050 871 2130 atque
893 2043 1028 2110 Antonii

116 2167 208 2214 arma
230 2149 262 2212 in
284 2146 469 2231 Augustum
493 2168 630 2230 cessere,
653 2150 708 2232 qui
732 2157 845 2213 cuncta
860 2147 1028 2214 discordiis

114 2252 265 2318 civilibus
300 2253 387 2317 fessa
415 2251 547 2317 nomine
582 2251 734 2336 principis
765 2253 823 2317 sub
856 2252 1028 2337 imperium

116 2356 269 2441 accepit„
291 2356 349 2420 sed
366 2355 487 2421 veteris
508 2355 622 2440 populi
643 2355 783 2420 Romani
806 2376 962 2441 prospers
976 2358 1029 2423 vel
1038 2384 1062 2422 ιο

116 2462 255 2526 adversa
283 2460 376 2525 claris
408 2460 617 2545 scriptoribus
647 2465 841 2541 memorata3
874 2462 1029 2546 tempori·
1119 2457 1123 2472 '

116 2566 177 2630 bus
200 2561 332 2649 quoque
343 2562 484 2647 Augusti
509 2563 653 2628 dicendis
675 2585 741 2628 non
757 2563 889 2628 defuere
912 2564 1030 2630 decora

118 2669 257 2752 ingenia,
282 2666 386 2732 donec
400 2667 556 2752 gliscente
572 2667 755 2732 adulatione
774 2666 1029 2732 deterrerentur:

121 2772 239 2837 Tiberii
264 2771 389 2856 Gaique
413 2778 446 2837 ct
470 2771 598 2836 Claudii
617 2792 654 2836 ac
676 2771 816 2836 Neronis
838 2789 890 2835 res
912 2772 1029 2835 floren·

119 2875 205 2940 tibus
221 2875 299 2958 ipsis
316 2874 356 2940 ob
377 2881 499 2939 metum
515 2875 626 2959 falsae,
649 2882 819 2960 postquam
837 2874 1065 2959 occiderant,rs

118 2979 304 3044 recentibus
324 2977 406 3043 odiis
426 2980 635 3064 compositae.
674 2979 750 3044 inde
766 2979 936 3044 consilium
952 2981 1031 3045 mihi

72 3135 75 3142 .
118 3103 224 3168 pauca
261 3080 302 3144 de
331 3081 481 3167 Augusto
523 3089 555 3160 et
586 3090 733 3149 extrema
766 3084 914 3169 tradere,
952 3107 1031 3150 mox

117 3187 240 3252 Tiberii
262 3185 476 3271 principatum
501 3193 534 3252 et
554 3193 671 3272 cetera,
695 3188 764 3252 sine
787 3187 836 3252 ira
859 3195 892 3254 et
914 3190 1032 3272 studio,

117 3312 257 3377 quorum
281 3311 393 3355 causas
415 3291 530 3375 procul
552 3293 668 3358 habeo.

184 3398 216 3460 2.
248 3394 425 3484 Postquam
439 3395 542 3461 Bruto
562 3402 594 3460 et
612 3395 724 3460 Cassio
741 3394 947 3462 oaesisnulls
968 3397 1031 3463 iam
1120 3464 1123 3469 ,

119 3501 249 3585 publica
271 3521 369 3582 arma,
392 3499 569 3584 Pompeius
592 3499 678 3585 apud
694 3498 836 3564 Siciliam
861 3520 1033 3585 oppressus

171 3613 293 3655 cor-uellus
307 3614 408 3654 Tacitus.
433 3615 451 3654 1.
862 3607 875 3654 1
