2444 4010
244 286 299 342 104
573 289 712 330 cosrunrr
726 289 823 353 rncrrr

307 452 325 514 7
328 453 357 516 3.
374 451 485 516 Funus
502 451 570 515 sine
586 451 778 535 imaginibus
794 455 827 514 et
842 470 961 535 pompa
971 471 1029 534 per
1042 449 1140 514 laudes

240 576 277 620 ac
300 557 491 621 memoriam
509 556 663 619 virtutum
679 555 747 620 eius
764 555 891 620 celebre
907 555 975 621 fuit.
1015 561 1049 620 et
1065 562 1142 620 erant

240 659 295 744 qui
316 659 451 724 formam
475 665 614 724 aetatem
637 679 739 742 genus
761 661 885 744 mortis,
910 662 950 726 ob
967 661 1141 746 propinqui·
1207 737 1208 740 Ἴ

239 769 338 829 tatem
370 765 467 829 etiam
493 765 656 845 locorum,
686 764 720 826 in
743 764 858 848 quibus
879 764 1015 848 interiit,
1046 764 1142 850 magni

218 868 418 934 snlexmdri
441 869 514 933 fatis
539 861 767 953 adaequarent.
805 889 880 932 nam
893 874 1065 953 utrumque
1084 889 1142 934 cor·
1207 937 1208 944 ,

238 995 317 1058 pore
331 975 458 1058 insigni,
475 973 562 1038 haud
573 973 708 1038 multum
721 973 853 1057 triginta
864 994 964 1038 annos
978 995 1143 1059 egressum,

238 1099 370 1143 suorum
399 1078 523 1143 insidiis
554 1085 704 1143 externas
733 1079 818 1143 inter
841 1083 955 1163 gentes
980 1079 1143 1144 occidisse:
1206 1079 1209 1116 '-

238 1181 296 1245 sed
318 1181 403 1246 hunc
426 1183 535 1246 mitem
560 1178 636 1267 erga
660 1183 791 1264 amicos,
819 1182 982 1248 modicum
1004 1183 1142 1270 volupia·
1207 1199 1208 1220 ³

237 1291 305 1348 turn
327 1306 432 1370 neque
451 1286 555 1351 minus
572 1286 810 1372 proeliatorem,
835 1287 932 1352 etiam
948 1287 974 1350 si
989 1288 1145 1352 temeritas

204 1389 351 1454 maluerit
380 1389 651 1475 praepeditusque
683 1391 724 1454 sit
751 1391 914 1476 perculsas
938 1396 988 1455 tot
1010 1391 1144 1457 victoriis

239 1491 426 1557 Germanias
443 1494 573 1558 servitio
584 1515 748 1580 premere.
782 1494 870 1579 quod
886 1495 912 1558 si
928 1497 1017 1560 solus
1034 1497 1145 1562 arbiter
1208 1499 1209 1564 ἶ

236 1617 361 1679 rerum,
394 1597 421 1660 si
451 1598 521 1663 iure
553 1603 587 1663 et
616 1598 746 1663 nomine
778 1599 868 1682 regio
901 1599 1029 1682 fuisset,
1063 1605 1143 1665 tanto

237 1702 413 1788 promptius
436 1701 663 1768 adsecuturum
682 1703 819 1788 gloriam
833 1703 977 1786 militiae,
1001 1713 1145 1789 quantum

237 1807 405 1874 clementia
426 1808 641 1893 temperantia
664 1807 780 1872 ceteris
803 1807 896 1872 bonis
920 1808 1042 1873 artibus
1058 1830 1143 1895 prae·

202 1912 378 2002 restitisset.
424 1932 540 1997 corpus
572 1918 744 1996 antequam
774 1916 967 1976 cremaretur
996 1913 1145 1976 nudatum
1211 1895 1212 1972 i

234 2017 267 2079 in
289 2015 359 2079 foro
383 2013 668 2099 Antiochensium,
697 2016 751 2100 qui
773 2016 863 2080 locus
886 2017 1073 2102 sepulturae
1096 2018 1145 2081 de·

234 2121 421 2202 stinabatur,
439 2121 670 2205 praetuleritne
684 2120 832 2185 veneficii
848 2120 939 2206 signa
950 2142 1064 2208 pamm
1077 2143 1145 2186 con-

235 2224 331 2305 stitit3
362 2244 437 2287 nam
466 2228 502 2287 ut
531 2223 601 2308 quis
624 2223 846 2288 misericordie
867 2224 900 2288 in
925 2222 1145 2289 Germanicum

236 2335 267 2393 et
295 2332 502 2412 praesumpta
525 2327 706 2412 suspicione
730 2334 785 2392 aut
807 2327 918 2392 favore
943 2328 975 2390 in
998 2328 1145 2393 Pisonem

200 2461 225 2500 no
235 2432 378 2518 pronior,
403 2430 846 2517 diversi'interpretabantur.

300 2539 351 2603 74.
387 2536 610 2601 Consultatum
644 2535 719 2602 inde
752 2537 837 2603 inter
871 2537 997 2619 legatos
1031 2538 1143 2622 quique

235 2643 289 2707 alii
312 2647 497 2734 senatorum
517 2642 653 2708 aderant
669 2643 814 2726 quisnam
830 2641 941 2707 Suriae
958 2644 1143 2728 praeficere·

234 2753 294 2811 tur.
333 2752 366 2811 et
389 2746 503 2811 ceteris
524 2746 653 2810 modice
668 2745 747 2809 nisis
762 2744 846 2809 inter
860 2743 993 2809 Vibium
1008 2745 1145 2810 Marsum

234 2859 267 2916 et
290 2851 349 2916 On.
372 2851 517 2916 Sentium
545 2851 599 2915 diu
623 2851 819 2935 quaesitum:
851 2850 927 2916 dein
949 2849 1074 2916 Marsus
1096 2871 1144 2913 se·

212 2956 316 3020 sniori
346 2961 379 3021 et
407 2956 511 3019 acrius
538 2955 685 3020 tendenti
708 2953 818 3019 Sentio
844 2954 1013 3018 concessit.
1057 2955 1143 3042 isque

232 3059 383 3124 infamem
412 3059 576 3124 veneficiis
606 3080 645 3123 ea
674 3060 707 3122 in
731 3057 897 3143 provincia
919 3064 952 3121 et
974 3058 1142 3123 Plancinae

172 3147 175 3151 Δ
233 3185 408 3249 percaram,
431 3163 560 3228 nomine
581 3161 762 3245 Martinam,
785 3163 818 3225 in
841 3159 955 3225 urbem
977 3162 1066 3226 misit
1085 3181 1141 3246 po·

232 3266 424 3331 stulantibus
454 3265 588 3330 Vitellio
627 3287 664 3331 ac
696 3263 839 3330 Veranio
878 3265 1059 3350 ceterisque
1091 3264 1141 3350 qui

233 3369 365 3432 crimina
395 3375 428 3432 et
457 3369 694 3434 accusationem
718 3374 883 3454 tamquam
906 3369 1060 3434 adversus
1082 3371 1140 3434 iam

200 3503 225 3541 10
233 3492 306 3534 reos
328 3471 537 3535 instruebant.
