2482 4014
314 285 352 324 AB
365 283 492 324 Excnssu
505 284 570 324 DIVI
583 283 711 324 AUGUSTI
724 283 755 325 VI
769 284 839 324 9-12.
971 279 1028 338 225

120 444 291 530 processit3
316 444 414 509 decus
430 444 623 530 triumphale
638 443 671 507 in
687 443 843 507 Thraecia
858 448 1029 508 meruerat.

120 548 177 614 sed
200 549 375 634 praecipua
398 571 439 614 ex
463 571 502 614 eo
518 550 632 634 gloria,
655 547 743 633 quod
758 547 940 633 praefectus
958 548 1030 612 urbi

119 674 232 719 recens
253 655 435 720 continuam
450 659 646 739 potestatem
663 658 696 716 et
709 652 882 716 insolentia
896 652 1031 737 parendi

119 758 301 845 graviorem
323 758 403 822 mire
426 758 630 842 temperavit.
1039 775 1065 814 ao

189 863 238 926 11.
269 862 417 946 Namque
436 866 532 926 antea
553 860 706 945 profectis
727 859 868 944 regibus,
891 881 932 924 ne
955 859 1031 924 urbs

120 967 189 1032 sine
202 966 346 1050 ¹imperio
370 965 464 1048 foret,
488 965 520 1053 in
535 970 663 1048 tempus
679 963 883 1046 deligebatur
906 963 959 1048 qui
981 964 1032 1028 ius

118 1071 273 1135 redderet
295 1089 333 1138 ac
356 1067 467 1132 subitis
490 1067 693 1148 mederetur3
715 1066 884 1151 feruntque
908 1069 948 1132 ab
963 1067 1031 1132 Ro·

118 1174 208 1239 mulo
231 1173 390 1237 Dentrem
406 1171 604 1254 Romulum,
627 1177 701 1256 post
723 1171 762 1244 ab
778 1171 872 1235 Tullo
888 1172 1031 1236 Hostilio

118 1278 260 1343 Numam
268 1277 426 1341 Marcium
440 1282 472 1341 et
485 1278 525 1341 ab
536 1276 709 1361 Tarquinio
722 1276 869 1361 Superbo
882 1277 1054 1361 Spuriume

149 1381 308 1445 ucretium
331 1381 500 1465 inpositos.
546 1380 621 1445 dein
651 1381 799 1446 consules
822 1381 1032 1464 mandabant3

122 1486 279 1570 duratque
303 1485 520 1563 simulacrum,
550 1485 698 1569 quotiens
722 1485 762 1549 ob
785 1485 880 1550 ferias
903 1485 1034 1549 Latinas

120 1591 304 1676 praeficitur
321 1591 375 1675 qui
392 1590 559 1655 consulare
578 1610 695 1654 munus
710 1593 852 1673 usurpet.
891 1595 1034 1653 ceterum

121 1694 290 1780 Augustus
326 1693 420 1757 bellis
459 1691 605 1758 civilibus
639 1692 778 1757 Cilnium
811 1693 1035 1759 Maecenatem

122 1798 280 1884 equestris
293 1797 414 1860 ordinis
427 1797 547 1862 cunctis
557 1796 643 1881 apud
652 1795 791 1860 Romam
803 1802 898 1881 atque
909 1797 1035 1862 Italiam
1044 1811 1069 1851 1⁰

121 1901 328 1987 praeposuit:
351 1922 429 1966 mox
451 1921 560 1964 rerum
583 1899 704 1984 potitus
722 1900 762 1963 ob
778 1899 1033 1984 magnitudinem

121 2005 236 2091 populi
265 2027 302 2068 ac
330 2004 423 2068 tarda
445 2006 555 2088 legum
578 2003 698 2067 auxilia
720 2006 856 2088 sumpsit
879 2025 896 2067 e
921 2023 1034 2067 consu-

122 2110 242 2174 laribus
279 2109 332 2192 qui
368 2115 534 2172 coerceret
566 2107 697 2172 servitia
731 2112 764 2170 et
797 2105 885 2190 quod
919 2107 1035 2171 civium

121 2213 258 2278 audacia
266 2213 439 2294 turbidum,
453 2213 513 2278 nisi
522 2212 589 2278 vim
599 2216 731 2276 metuat.
753 2211 938 2296 primusque
950 2210 1036 2274 Mes·

123 2319 205 2384 salla
217 2317 375 2382 Corvinus
392 2338 463 2382 eam
478 2321 672 2401 potestatem
690 2320 723 2379 et
738 2333 859 2398 paucos
873 2314 1071 2378 intradiesrs

122 2422 221 2485 finem
236 2421 369 2505 accepit,
386 2421 476 2505 quasi
492 2420 618 2484 nescius
631 2416 821 2500 exercendi3
835 2423 903 2482 tum
914 2418 1038 2483 Taurus

124 2525 278 2607 Statilius,
289 2528 768 2608 quamquamproveotaaetate,
778 2525 908 2608 egregie
919 2525 1037 2589 tolera-

124 2631 188 2711 vit3
206 2629 282 2694 dein
291 2629 367 2693 Piso
378 2628 561 2713 quindecim
571 2649 630 2714 per
641 2650 743 2694 annos
755 2629 875 2714 pariter
884 2630 1037 2713 probatus

125 2735 257 2820 publico
281 2734 393 2798 funere
413 2754 454 2796 ex
478 2733 608 2798 decreto
625 2739 755 2798 senatus
777 2734 956 2797 celebratus
980 2738 1038 2796 est.

195 2838 244 2901 12.
275 2835 428 2902 Relatum
460 2838 536 2902 inde
571 2837 612 2901 ad
644 2844 754 2923 patres
786 2859 806 2901 a
840 2839 1036 2912 Quintiliano

126 2940 256 3005 tribuno
281 2941 389 3025 plebei
413 2941 454 3005 de
477 2941 558 3005 libro
583 2941 742 3025 Sibullae,
766 2962 862 3025 quem
887 2941 1038 3006 Caninius

128 3044 241 3109 Gallus
265 3043 553 3128 quindecimvirum
575 3045 677 3129 recipi
698 3046 783 3110 inter
806 3052 932 3109 ceteros
955 3047 1038 3111 eius·

127 3151 204 3215 dem
226 3135 309 3214 vatis
332 3154 365 3213 et
389 3169 428 3212 ea
452 3148 492 3213 de
513 3170 549 3213 re
573 3156 701 3213 senatus
726 3149 906 3213 consultum
930 3156 1039 3234 postu·

126 3254 260 3318 laverat.
299 3274 362 3337 quo
377 3273 437 3337 per
456 3253 684 3318 discessionem
707 3252 792 3318 facto
811 3253 897 3318 misit
916 3254 1060 3318 littereas

129 3357 250 3422 Caesar
271 3356 399 3420 modice
421 3356 583 3421 tribunum
606 3358 776 3442 increpans
794 3357 941 3442 ignarum
958 3359 1040 3422 anti-

129 3461 183 3544 qui
206 3460 304 3526 moris
329 3460 370 3527 ob
392 3461 566 3525 iuventam.
598 3460 693 3525 Gallo
711 3461 931 3545 exprobrabat
954 3461 1040 3546 quod

813 3559 886 3616 13aa
