2444 4010
294 295 330 336 ΑΒ
344 293 470 336 excussu
483 295 549 335 n1v1
563 293 690 336 nussam
703 295 727 335 11
740 294 823 335 os-ca
957 288 1010 347 101

101 456 228 522 functus
245 454 347 539 datur,
364 455 418 541 qui
432 475 568 541 regnum
584 454 713 519 interim
724 459 886 537 mactaret,
903 473 1012 518 exem-

103 563 156 647 plo
190 581 252 646 quo
282 561 421 624 maiores
443 561 487 626 M.
510 557 671 644 Lepidum
692 557 873 624 Ptolemaei
902 558 1014 622 liberis

101 671 242 730 tutorem
281 665 314 730 in
350 663 539 750 Aegyptum
575 664 737 729 miserant.
793 663 1014 750 Rhescuporis
1022 682 1050 721 1⁵

100 769 334 836 Alexandriam
366 769 519 836 devectus
551 775 647 854 atque
678 768 744 833 illic
772 767 881 854 fugam
909 774 1014 854 temp-

100 884 172 940 tans
196 896 237 940 an
257 876 333 940 ficto
358 875 488 940 crimine
511 875 712 939 interficitur.

167 981 219 1046 68.
253 979 419 1045 Paridem
435 985 561 1064 tempus
576 979 745 1062 Vonones,
761 999 857 1064 quem
872 983 1015 1044 amotum

100 1083 133 1148 in
158 1082 305 1148 Ciliciam
327 1083 515 1167 memoravi,
539 1083 698 1168 corruptis
721 1083 910 1149 custodibus
934 1083 1015 1148 effu·

99 1208 179 1272 gere
210 1187 252 1251 ad
273 1185 465 1270 Armenios,
495 1187 571 1252 inde
594 1186 741 1254 Albanos
763 1186 1015 1272 Heniochosque

100 1298 134 1357 et
157 1293 433 1377 consanguineum
457 1291 517 1356 sibi
540 1287 652 1378 regem
668 1292 860 1376 Scytharum
883 1298 1016 1358 conatus

100 1401 161 1461 est.
208 1397 317 1481 specie
340 1393 480 1461 venandi
504 1396 628 1459 omissis
652 1396 818 1460 maritimis
841 1396 922 1460 locis
945 1396 1038 1461 avias

100 1502 242 1564 saltuum
262 1501 372 1584 petiit,
403 1521 480 1564 mox
510 1500 702 1585 pernicitate
726 1501 801 1585 equi
825 1500 866 1564 ad
890 1523 1018 1566 amnem

100 1604 277 1688 Pyramum
292 1605 468 1687 contendit,
485 1606 575 1670 cuius
590 1613 708 1691 pontes
724 1606 854 1672 accolae
864 1612 1018 1692 ruperant

101 1708 214 1772 audita
236 1709 322 1792 regis
345 1709 438 1795 fuga:
463 1730 568 1795 neque
592 1709 675 1774 vado
700 1711 864 1796 penetrari
879 1717 1017 1795 poterat.

100 1814 202 1898 igitur
222 1814 256 1879 in
278 1815 347 1899 ripa
367 1815 507 1880 fluminis
522 1837 541 1878 a
554 1813 653 1880 Vibio
670 1815 837 1882 Frontone
853 1815 1016 1900 praefecto

101 1919 249 2003 equitum
270 1919 423 1984 vincitur:
447 1941 525 1984 mox
541 1919 707 1985 Remmius
731 1926 894 2003 evocatus,
917 1921 1018 2006 priori
1027 1938 1055 1976 10

101 2024 270 2088 custodiae
293 2025 379 2110 regis
403 2024 586 2110 adpositus,
610 2026 701 2110 quasi
723 2025 884 2111 perirem
906 2025 1015 2109 gladio

103 2148 177 2193 eum
200 2129 358 2214 transigit.
396 2127 482 2194 unde
505 2130 609 2194 maior
630 2129 711 2193 fides
735 2130 932 2195 conscientia
948 2152 1016 2195 sce-

101 2232 179 2298 leris
204 2240 238 2298 et
258 2240 346 2298 metu
368 2233 479 2297 indicii
502 2240 640 2298 mortem
662 2235 794 2299 Vononi
817 2235 958 2300 inlatam.

168 2340 222 2404 69.
255 2338 302 2404 At
326 2339 535 2406 Germanicus
550 2337 704 2424 Aegypto
727 2359 876 2404 remeans
893 2345 1017 2422 cuncta,

6 2429 7 2432 ¹
101 2464 186 2528 quae
216 2449 294 2528 aput
324 2443 471 2528 legiones
503 2447 559 2508 aut
587 2444 684 2507 urbes
713 2442 866 2525 iusserat,
899 2443 1020 2508 abolita

6 2551 7 2556 ’
102 2547 154 2611 vel
185 2546 218 2609 in
243 2547 436 2611 contrarium
466 2567 560 2612 versa
584 2547 761 2632 cognoscit.
806 2548 881 2612 hinc
903 2569 1019 2632 graves

6 2649 7 2652 ’
103 2651 134 2716 in
156 2653 313 2719 Pisonem
344 2653 558 2717 contumeliae
586 2673 646 2716 nec
670 2652 775 2716 minus
799 2651 915 2716 acerba
938 2673 1020 2737 quae

103 2755 142 2820 ab
175 2757 232 2820 illo
263 2757 297 2821 in
329 2755 501 2821 Gaesarem
531 2756 782 2841 temptabantur.
837 2756 912 2821 dein
942 2758 1043 2822 Pisce

103 2859 192 2926 abire
216 2859 310 2924 Suria
332 2859 451 2924 statuit.
475 2880 555 2923 mox
578 2859 715 2925 adversa
733 2860 919 2925 Germanioi
933 2861 1020 2926 vale-

103 2962 216 3028 tudine
248 2963 414 3046 detentus,
445 2964 501 3028 ubi
528 2970 714 3028 recreatum¹
733 2965 859 3050 accepit
880 2972 1021 3050 votaque

104 3089 161 3152 pro
195 3069 416 3133 incolumitate
450 3069 674 3150 solvebantur,
709 3067 855 3134 admotas
887 3069 1020 3154 hostias,

105 3172 313 3239 sacrificalem
354 3178 562 3258 apparatum,
602 3172 718 3236 festam
749 3171 1020 3238 Antiochensium

106 3278 235 3361 plebem
264 3299 322 3363 per
352 3277 484 3343 lictores
513 3273 694 3362 proturbat.
739 3282 809 3340 tum
838 3276 1020 3341 Seleuciam
1030 3303 1056 3342 ιο

6 3461 7 3466 ἵ
108 3378 295 3464 degreditur
318 3382 490 3466 opperiens
514 3382 762 3466 aegritudinem,
787 3403 868 3466 quae
891 3403 1018 3447 rursum

110 3484 299 3550 Germanico
326 3484 501 3550 acciderat.
547 3507 678 3550 saevam
702 3485 768 3548 vim
792 3485 897 3550 morbi
920 3507 1019 3570 auge-
