2482 4014
294 319 331 358 AB
345 318 471 360 Excusso
484 321 549 360 DIVI
562 321 690 362 AUGUSTI
702 322 734 362 IV
749 323 821 364 ‘tt-v
835 323 853 363 3.
978 319 1034 374 213

123 477 234 544 rostris
249 499 268 542 a
283 476 364 541 Gaio
382 476 520 542 Caesare
543 486 735 563 pronepote,
758 479 813 564 qui
828 500 906 544 mox
927 502 1036 546 rerum

123 583 254 667 potitus.

188 689 218 753 2.
250 689 296 753 At
328 687 491 769 Tiberius,
524 688 611 772 quod
644 689 804 771 supremis
834 687 868 751 in
898 693 1035 753 matrem

125 792 239 857 officiis
262 792 434 875 defuisset,
463 792 544 856 nihil
572 796 697 857 mutata
726 793 920 856 amoenitate
949 792 1034 856 vitae

121 895 378 979 magnitudinem
406 896 611 980 negotiorum
640 916 699 980 per
722 895 846 974 litteras
869 897 1035 963 excusavit

121 1000 326 1084 honoresque
354 1000 528 1064 memoriae
558 1000 598 1064 ab
628 1007 741 1065 senatu
770 1002 861 1083 large
885 1001 1034 1066 decretos

120 1104 214 1189 quasi
237 1124 295 1189 per
317 1103 510 1169 modestiam
532 1104 702 1186 imminuit,
726 1106 836 1188 paucis
860 1105 1054 1169 admodumc

118 1207 259 1293 receptis
290 1213 322 1271 et
351 1208 460 1272 addito
490 1229 532 1272 ne
563 1208 711 1272 caelestis
740 1209 855 1292 religio
880 1209 1033 1274 decerne-

118 1319 228 1379 retur:
253 1312 298 1377 sic
320 1312 423 1396 ipsam
438 1312 599 1385 maluisse.
638 1312 715 1396 quin
735 1319 767 1378 et
782 1319 874 1398 parte
890 1313 1034 1379 eiusdem

119 1416 280 1500 epistulae
298 1417 458 1501 increpuit
467 1417 621 1482 amicitias
631 1418 805 1482 muliebres
814 1418 941 1482 Fufium
958 1439 1033 1484 con·

119 1522 226 1585 sulem
257 1521 385 1605 oblique
415 1521 646 1606 perstringens.
690 1523 718 1586 is
741 1522 845 1606 gratia
866 1520 1032 1606 Augustae

117 1627 291 1708 floruerat,
329 1633 422 1710 aptus
455 1625 644 1690 adliciendis
681 1625 872 1690 feminarum
909 1625 1033 1706 animis,
1041 1643 1066 1682 10

118 1729 217 1794 dicax
239 1729 327 1794 idem
351 1736 383 1794 et
405 1729 571 1795 Tiberium
594 1727 717 1793 acerbis
746 1728 871 1793 facetiis
893 1727 1031 1794 inridere

117 1834 252 1915 solitus,
287 1853 419 1918 quarum
454 1833 538 1917 apud
574 1839 803 1917 praepotentes
836 1831 869 1894 in
899 1831 1031 1914 longum

115 1937 285 2001 memoria.

185 2041 215 2103 3.
251 2039 404 2106 Ceterum
437 2061 479 2106 ex
509 2059 548 2103 eo
572 2044 747 2125 praerupta
768 2039 832 2104 iam
856 2044 889 2104 et
911 2060 1031 2123 urgens

116 2145 313 2217 dominati03
328 2165 403 2209 nam
418 2143 572 2208 incolumi
588 2142 737 2228 Augusta
753 2149 821 2208 erat
837 2143 942 2208 adhuc
957 2163 1030 2227 per-

114 2249 258 2334 fugium,
288 2248 363 2332 quia
385 2246 515 2311 Tiberio
545 2247 757 2312 inveteratum
789 2265 866 2330 erga
894 2251 1031 2310 matrem

116 2353 310 2438 obsequium
330 2373 437 2436 neque
451 2350 586 2416 Seianus
609 2348 751 2416 audebat
773 2349 954 2416 auctoritati
973 2370 1030 2435 pa-

115 2457 219 2523 rentis
232 2455 351 2520 antire:
367 2463 443 2520 tunc
452 2456 542 2520 velut
555 2454 654 2520 irenis
664 2453 805 2519 exsoluti
814 2461 1052 2538 proruperunta

115 2563 298 2645 missaeque
328 2559 362 2623 in
391 2557 604 2644 Agrippinam
633 2579 670 2623 ac
697 2558 861 2624 Neronem
891 2557 1030 2641 litterae,

115 2685 197 2750 quas
220 2663 347 2749 pridem
370 2663 494 2728 adlatas
510 2669 543 2727 et
558 2663 716 2728 cohibitas
733 2662 773 2728 ab
787 2663 938 2746 Augusta
961 2683 1029 2728 oro·

115 2768 201 2834 didit
222 2769 354 2852 vulgus3
377 2767 464 2833 haud
487 2768 574 2832 enim
596 2766 698 2832 multo
721 2773 796 2850 post
819 2771 957 2830 mortem
978 2786 1028 2830 re·

116 2874 245 2939 citatae.
289 2872 389 2937 verba
416 2872 543 2938 inerant
571 2873 718 2956 quaesita
746 2873 938 2954 asperitate:
969 2869 1027 2934 scd

114 2998 183 3043 non
205 2997 302 3058 arma,
324 2997 391 3040 non
413 2997 520 3042 rerum
543 2996 699 3040 novarum
720 2975 878 3056 studium,
901 2995 1028 3040 amores
1038 2998 1064 3038 rc

114 3081 270 3147 iuvenum
300 3086 333 3146 et
363 3079 584 3163 inpudicitiam
614 3079 727 3164 nepoti
757 3080 949 3145 oblectabat.
994 3079 1028 3143 in

114 3205 233 3249 nurum
263 3204 304 3248 ne
327 3182 362 3247 id
384 3182 516 3268 quidem
541 3181 725 3268 confingere
748 3203 844 3246 ausus
867 3180 1026 3265 adrogan-

115 3289 195 3354 tiam
212 3287 276 3353 oris
292 3292 325 3352 et
341 3293 564 3352 contumacem
580 3287 722 3352 animum
734 3286 893 3350 incusavit
907 3305 1025 3368 magno

115 3397 247 3457 senatus
261 3413 383 3476 pavore
399 3412 437 3456 ao
453 3391 591 3472 silentio,
616 3390 719 3456 donee
735 3391 837 3475 pauci,
854 3389 924 3474 quis
938 3388 1027 3454 nulla

116 3520 159 3564 ex
190 3498 327 3562 honesto
360 3517 435 3581 spes
466 3495 515 3577 (et
545 3495 675 3582 publiea
705 3495 790 3560 mala
823 3495 958 3577 singulis
992 3494 1059 3558 inre
