2498 4010
220 303 255 357 16
560 308 823 348 ἐοῑῑΜιΠΤΑοῑἮ

285 468 334 530 18.
367 465 585 551 Adstrepebat
600 467 725 550 uulgus,
750 467 883 533 diuersis
902 468 1128 552 incitamentis,

216 571 250 636 hi
272 571 443 636 verberum
465 579 573 653 notas,
597 570 644 634 illi
668 572 833 656 canitiem,
856 574 986 657 plurimi
1010 573 1129 638 detrita

217 677 360 761 tegmina
375 681 408 740 et
423 676 544 740 nudum
557 697 673 761 corpus
688 677 932 760 exprobrantes.
960 683 1126 763 postremo

218 803 257 847 eo
287 781 403 844 furoris
425 801 562 863 venere,
593 785 629 844 ut
657 785 722 844 tres
751 781 898 872 legiones
928 783 1064 846 miscere
1093 781 1128 844 in

197 900 314 950 5unam
330 883 532 968 agitaverint.
572 883 698 969 depulsi
713 885 938 969 aemulatione,
960 887 1035 971 quia
1050 909 1128 952 suae

218 990 352 1074 quisquc
380 987 502 1072 legioni
532 1009 605 1052 cum
633 987 794 1053 honorem
822 991 1034 1074 quaerebant,
1063 992 1128 1056 alio

217 1100 347 1161 uertunt
363 1101 458 1177 atque
480 1114 544 1156 una
566 1098 632 1157 tres
647 1093 770 1178 aquilas
787 1099 819 1158 et
834 1094 926 1179 signa
946 1097 1129 1162 cohortium

216 1202 342 1279 locant3
359 1197 454 1261 simul
470 1203 647 1280 congerunt
664 1199 831 1281 caespites,
848 1206 1016 1264 exstruunt
1027 1202 1129 1266 tribu·

217 1305 280 1386 nal,
305 1323 367 1386 quo
390 1302 492 1386 magis
517 1302 689 1387 conspicua
708 1302 802 1368 sedes
820 1303 914 1369 foret.
952 1325 1129 1390 properan-

185 1424 209 1462 10
218 1407 302 1473 tibus
326 1407 462 1471 Blaesus
485 1406 615 1472 advenit
637 1407 887 1493 increpabatque
911 1430 947 1474 ac
969 1410 1130 1476 retinebat

219 1513 380 1597 singulos,
414 1512 580 1577 clamitans
612 1533 695 1593 ,mea
725 1512 833 1596 potius
866 1514 964 1578 caede
994 1515 1129 1580 imbuite

218 1639 348 1682 manus:
370 1617 492 1681 leviore
507 1616 628 1700 flagitio
645 1617 789 1702 legatum
811 1617 1009 1683 interficietis
1032 1639 1129 1703 quam

219 1723 258 1786 ab
289 1721 484 1806 imperatore
517 1719 706 1784 desciscitis.
750 1725 806 1784 aut
834 1720 1003 1785 incolumis
1030 1721 1130 1787 fidem

218 1825 383 1910 legionum
401 1825 548 1889 retinebo
570 1829 626 1889 aut
645 1823 807 1909 iugulatus
828 1826 1058 1910 paenitentiam
1074 1828 1130 1893 ad·

186 1926 392 1994 1⁵celerabo‘.

287 2035 336 2096 19.
369 2033 596 2117 Aggerabatur
610 2033 711 2097 nihilo
728 2034 834 2098 minus
853 2055 985 2120 caespes
1001 2037 1130 2121 iamque

219 2139 345 2223 pectori
366 2158 467 2223 usque
484 2138 681 2221 adoraverat,
706 2159 778 2203 cum
795 2139 926 2204 tandem
949 2141 1131 2225 pervicacia

204 2242 295 2326 ,victi
322 2243 486 2326 inceptum
517 2242 664 2306 omisere.
707 2241 844 2307 Blaesus
873 2243 974 2309 multa
1002 2244 1131 2309 dicendi

221 2353 289 2410 arte
311 2367 377 2411 non
399 2366 458 2429 per
474 2346 667 2411 seditionem
685 2352 717 2410 ct
738 2347 847 2411 turbas
864 2347 1025 2413 desideria
1046 2349 1131 2413 mili-

198 2457 289 2514 stum
311 2449 353 2514 ad
378 2449 550 2514 Caesarem
571 2449 704 2515 ferenda
726 2450 789 2516 ait:
812 2472 918 2535 neque
940 2460 1067 2516 veteres
1091 2453 1132 2518 ab

220 2553 467 2638 imperatoribus
482 2554 595 2638 priscis
617 2574 722 2638 neque
738 2554 864 2639 ipsosa
886 2555 961 2619 divo
980 2554 1131 2641 Augusto

221 2664 287 2721 tam
301 2658 566 2741 novapetivisse3
580 2663 736 2742 etparum
745 2658 779 2721 in
791 2665 938 2742 ternpore
948 2659 1133 2744 incipientis

221 2761 374 2847 principis
404 2783 494 2826 curas
522 2763 658 2826 onerari.
704 2764 731 2827 si
760 2770 869 2828 tamen
895 2765 1071 2829 ¹tenderent
1099 2765 1133 2828 in

222 2885 301 2949 pace
324 2872 483 2949 temptare
500 2885 583 2949 quae
603 2885 645 2930 ne
660 2865 803 2931 ciuilium
819 2866 949 2951 quidem
972 2869 1132 2932 bellorum

188 2969 361 3034 revictores
377 2968 664 3054 expostulaverint,
688 2990 744 3034 cur
759 2977 871 3034 contra
892 2991 1017 3035 morem
1039 2971 1134 3038 obsc-

222 3073 296 3158 quii,
321 3078 432 3138 contra
453 3073 501 3137 fas
526 3073 713 3157 disciplinae
735 3074 801 3141 rim
824 3075 1045 3141 meditentur?
1076 3077 1134 3141 de·

222 3184 391 3243 cernerent
418 3178 544 3262 legatos
566 3198 665 3262 seque
698 3200 806 3244 coram
835 3181 987 3247 mandata
1010 3181 1134 3247 darent.

221 3283 444 3347 adclamavere
474 3288 509 3346 ut
537 3282 621 3347 filius
652 3283 762 3348 Blaesi
791 3284 938 3349 tribunus
967 3285 1134 3371 legatione

223 3407 261 3450 ea
283 3386 471 3469 fungeretur
492 3392 683 3470 peteretque
706 3387 860 3452 militibus
884 3389 1070 3454 missionem
1094 3391 1135 3455 ab

190 3510 213 3547 u
224 3487 364 3554 sedecim
381 3489 487 3553 annis:
511 3497 618 3554 cetera
634 3492 852 3574 mandaturos,
871 3493 926 3558 ubi
941 3494 1046 3578 prima
1060 3515 1136 3578 pro·
