2498 4010
214 314 252 368 44
550 316 687 357 CORNELII
701 317 797 356 ΤΑΟΙΤΙ

279 477 329 541 61.
361 477 465 561 Igitur
488 476 604 562 cupido
631 477 802 542 Gaesarem
828 476 951 541 invadit
974 476 1123 540 solvendi

214 601 364 664 suprema
393 581 547 646 militibus
570 580 721 666 ducique,
753 585 900 665 permoto
924 581 966 644 ad
989 581 1122 646 misera-

214 685 336 750 tionem
363 687 449 749 omni
471 686 526 769 qui
549 685 662 750 aderat
686 686 830 750 exercitu
854 684 894 748 ob
925 685 1124 770 propinquos

215 789 352 872 amicos,
385 789 523 874 denique
556 789 596 853 ob
630 810 721 853 casus
751 789 910 854 bellorum
937 794 969 853 et
1002 792 1123 852 sortem

194 893 389 958 rhominum.
429 894 605 978 praemisso
624 893 771 975 Caecina,
794 899 830 956 ut
846 892 971 956 occulta
986 892 1126 955 saltuum

216 1005 409 1063 scrutaretur
432 1007 611 1083 pontesque
628 1003 661 1063 et
681 1019 817 1083 aggeres
838 996 947 1063 umido
970 996 1126 1082 paludum

216 1107 249 1168 et
271 1102 437 1166 fallacibus
461 1103 579 1188 campis
602 1103 787 1187 inponeret,
811 1100 963 1166 incedunt
985 1106 1126 1164 maestos

215 1208 305 1271 locos
327 1206 461 1290 visuque
485 1229 523 1270 ao
545 1208 700 1270 memoria
723 1204 885 1268 deformis.
923 1204 1025 1288 prima
1046 1203 1127 1268 Vari

217 1319 321 1376 castra
352 1310 417 1374 lato
448 1310 568 1375 ambitu
598 1316 633 1375 et
655 1308 805 1374 dimensis
835 1307 1000 1392 principiis
1030 1307 1127 1371 trium

183 1430 208 1470 10
216 1415 383 1498 legionum
398 1436 510 1479 manus
527 1414 745 1494 ostentabant,
770 1411 846 1476 dein
862 1411 1013 1475 semiruto
1030 1410 1129 1492 vallo,

216 1519 329 1583 humili
351 1519 437 1583 fossa
458 1518 583 1584 accisae
605 1519 669 1581 iam
691 1517 845 1602 reliquiae
871 1513 1055 1580 consedisse
1079 1514 1128 1577 in-

217 1622 470 1706 tellegebantur:
494 1623 601 1686 medio
627 1621 730 1705 campi
753 1620 894 1684 albentia
914 1641 996 1702 ossa,
1019 1627 1055 1683 ut
1078 1619 1129 1682 fu-

217 1732 340 1810 gerant,
363 1733 399 1791 ut
414 1727 608 1807 restiterant,
629 1725 763 1789 disiecta
778 1725 831 1788 vel
846 1730 1016 1807 aggerata;
1040 1722 1131 1786 adia·

219 1830 334 1896 cebant
356 1830 512 1914 fragmina
526 1829 665 1894 telorum
681 1848 899 1914 equorumque
915 1835 1013 1892 artus.
1048 1825 1131 1890 lucis

182 1955 208 1994 rs
218 1934 405 2019 propinquis
426 1934 582 1998 barbarae
606 1955 690 2017 arae,
714 1933 801 2018 apud
824 1954 902 2019 quas
925 1932 1069 1996 tribunos
1092 1953 1132 1994 ac

219 2038 393 2124 primorum
406 2038 554 2103 ordinum
566 2040 770 2103 centuriones
781 2043 1017 2102 mactaverant:
1034 2037 1132 2102 simul

218 2144 340 2206 truncis
362 2142 513 2207 arborum
534 2145 675 2208 antefixa
698 2165 762 2208 ora.
807 2151 840 2208 et
864 2143 963 2208 cladis
983 2142 1053 2207 eius
1077 2163 1131 2205 su·

219 2245 385 2330 perstites,
415 2265 557 2330 pugnam
579 2254 635 2311 aut
656 2247 786 2311 vincula
808 2246 923 2331 elapsi,
946 2246 1133 2311 referebant

220 2347 272 2411 hic
302 2346 456 2414 cecidisse
487 2349 631 2434 legatos,
662 2350 727 2413 illic
762 2356 870 2435 raptas
903 2351 1042 2435 aquilas3
1075 2351 1133 2414 ubi

184 2453 336 2518 novulnus
366 2453 453 2517 Varo
489 2454 658 2537 adactum,
695 2455 750 2519 ubi
780 2454 902 2519 infelici
932 2453 1068 2519 dextera
1099 2460 1133 2519 et

221 2577 279 2621 suc
312 2557 377 2621 ictu
408 2565 545 2624 mortem
576 2560 752 2641 invenerit,
776 2581 840 2644 quo
872 2560 1023 2624 tribunali
1055 2582 1133 2625 con·

221 2662 363 2727 tionatus
385 2662 569 2748 Arminius,
601 2669 680 2749 quot
700 2664 844 2750 patibula
866 2665 1014 2748 captivis,
1048 2686 1132 2750 quae

222 2767 352 2831 scrobes
375 2773 473 2852 utque
497 2768 595 2851 signis
619 2790 677 2854 per
699 2769 882 2853 superbiam
904 2768 1061 2834 inluserit.

289 2873 340 2936 62.
371 2872 475 2955 Igitur
489 2872 656 2937 Romanus
670 2873 724 2957 qui
746 2872 858 2938 aderat
882 2873 1043 2938 exercitus
1058 2894 1134 2938 sex-

223 2983 290 3040 tum
304 2981 379 3060 post
395 2976 495 3041 cladis
511 2998 630 3041 annum
645 2976 741 3041 trium
758 2977 922 3061 legionum
940 2997 1021 3059 ossa,
1043 2978 1132 3042 nullo

224 3088 377 3146 noscente
390 3080 511 3146 alienas
524 3080 675 3165 reliquias
687 3101 728 3144 an
743 3101 874 3144 suorum
887 3080 985 3145 humo
996 3086 1133 3164 tegeret,

225 3209 336 3253 omnes
358 3193 394 3251 ut
418 3188 614 3269 coniunctos,
637 3192 673 3250 ut
697 3187 961 3269 consanguineos,
985 3190 1080 3250 aucta
1101 3187 1135 3251 in

203 3294 352 3358 shostem
378 3293 442 3375 iro,
474 3293 588 3356 maesti
615 3290 709 3356 simul
741 3295 774 3355 et
802 3290 918 3355 infensi
941 3289 1135 3355 condebant.

225 3398 365 3481 primum
374 3395 554 3460 extruendo
567 3396 691 3460 tumulo
702 3395 877 3478 caespitem
887 3393 1006 3459 Caesar
1015 3395 1134 3478 posuit,

228 3499 408 3580 gratissimo
439 3519 571 3563 munere
601 3499 633 3563 in
657 3498 825 3563 defunctos
850 3504 883 3562 et
911 3499 1135 3582 praesentibus
