2444 4010
239 283 293 340 132
569 289 706 331 conunnrr
719 292 817 332 rncmr
907 332 910 338 ,

202 469 227 507 20
238 452 327 537 gotia
343 451 470 536 suscipi,
494 452 643 535 transigi3
668 451 805 516 duorum
822 472 972 536 egressus
988 453 1061 535 coli,
1079 453 1138 517 duo

146 579 148 586 ‘
237 557 419 642 praetoria,
457 555 679 641 pervicacibus
717 556 819 640 magis
856 562 890 620 et
926 557 1140 642 inpotentibus

237 661 408 725 mulierum
430 659 540 743 iussis,
571 681 652 744 quae
676 659 790 746 Oppiis
820 661 982 746 quondam
1013 661 1140 746 aliisque

235 764 361 850 legibus
385 764 592 846 constrictae,
615 784 700 828 nunc
724 764 835 828 vinclis
854 764 1011 829 exsolutis
1033 765 1141 830 domos

235 868 315 950 fora,
339 867 403 930 iam
427 872 460 931 et
482 867 644 932 exercitus
667 872 827 951 regerent.

301 973 352 1034 34.
384 971 568 1035 Paucorum
597 972 678 1035 haec
707 970 847 1035 adsensu
876 970 1003 1035 audita:
1037 972 1141 1055 plures

237 1075 467 1158 obturbabant,
498 1096 604 1160 neque
634 1075 772 1140 relatum
803 1074 843 1140 de
875 1077 1009 1161 negotio
1040 1097 1140 1162 neque

236 1178 409 1243 Caecinam
432 1178 565 1263 dignum
581 1184 690 1244 tantae
707 1180 756 1244 rei
776 1201 953 1246 censorem.
989 1201 1068 1245 mox
1079 1182 1140 1246 Va·

234 1284 332 1348 lerius
355 1284 564 1367 Messalinus,
595 1286 646 1349 cui
668 1305 784 1370 parens
802 1285 954 1350 Messalla
976 1285 1140 1370 ineratque

181 1442 184 1449 ,
213 1388 340 1471 rimago
364 1395 520 1473 paternae
542 1390 723 1472 facundiae,
745 1389 913 1476 respondit
935 1391 1038 1454 multa
1057 1391 1139 1454 duri-

233 1492 318 1556 tiae
341 1497 453 1557 vetere
477 1492 508 1557 in
532 1493 648 1557 melius
671 1501 704 1558 et
726 1493 843 1559 laetius
865 1499 1005 1576 mutata;
1037 1515 1139 1580 neque

234 1597 336 1678 enim,
368 1603 404 1661 ut
431 1597 524 1680 olim,
557 1597 698 1662 obsideri
727 1597 839 1662 urbem
869 1597 963 1662 bellis
992 1605 1049 1663 aut
1069 1620 1139 1684 prc-

233 1701 354 1767 vincias
385 1701 520 1766 hostilis.
574 1706 607 1765 et
642 1723 746 1786 pauca
778 1703 970 1766 feminarum
1004 1703 1139 1768 necessi·

233 1806 352 1870 tatibus
376 1805 527 1887 concedi,
560 1825 641 1890 quae
671 1827 712 1870 ne
736 1805 909 1890 coniugum
933 1805 1065 1890 quidem
1087 1827 1139 1892 pe·

199 1941 224 1979 10
233 1919 334 1990 nates,
358 1909 440 1975 adeo
465 1909 572 1973 socios
594 1909 660 1972 non
685 1913 836 1989 onerent3
860 1914 969 1974 cetera
983 1910 1139 1994 promisca

234 2038 307 2080 cum
341 2013 473 2096 marito,
511 2033 572 2078 nec
608 2014 710 2077 ullum
742 2013 831 2098 pacis
865 2012 1138 2098 impedimentum.

232 2119 320 2184 bella
341 2119 437 2203 plane
460 2117 611 2181 accinctis
636 2115 801 2181 obeunda:
827 2115 885 2181 sed
907 2117 1138 2182 revertentibus

233 2230 307 2308 post
325 2221 471 2286 laborem
490 2220 577 2306 quod
592 2220 760 2284 honestius
777 2242 871 2305 quam
887 2221 1040 2286 uxorium
1055 2225 1138 2287 leva-

232 2326 400 2391 mentum?
443 2331 476 2388 at
499 2323 653 2410 quasdam
675 2325 709 2390 in
731 2326 941 2390 ambitionem
964 2333 1019 2390 aut
1042 2326 1138 2391 avari·

197 2457 222 2496 rs
232 2430 310 2494 tiam
347 2428 523 2514 prolapsas.
579 2427 678 2514 quid?
716 2429 860 2514 ipsorum
895 2431 1138 2514 magistratuum

231 2553 339 2596 nonne
363 2532 535 2616 plerosque
550 2531 646 2596 variis
662 2531 848 2597 libidinibus
865 2532 1049 2600 obnoxios?
1079 2553 1138 2599 non

231 2642 340 2701 tamen
369 2634 444 2700 ideo
469 2635 633 2700 neminem
655 2635 689 2699 in
711 2635 909 2720 provinciam
932 2638 1026 2701 mitti.
1073 2657 1137 2701 cor-

231 2748 344 2826 ruptos
367 2761 465 2825 saepc
488 2739 701 2824 pravitatibus
723 2761 863 2805 uxorum
885 2741 1035 2808 maritos:
1067 2761 1138 2806 num

232 2866 308 2929 ergo
327 2844 430 2909 omnis
446 2845 587 2910 caelibes
604 2844 770 2927 integros?
801 2843 962 2929 placuisse
978 2845 1138 2932 quondam

195 2974 221 3013 20
231 2951 354 3036 Oppias
382 2951 474 3033 leges
499 2949 766 3033 sictemporibus
789 2949 1008 3034 reipublicae
1032 2955 1138 3036 postu·

228 3055 386 3119 lantibus:
416 3053 588 3118 remissum
611 3051 733 3137 aliquid
754 3059 870 3136 posteo
893 3058 926 3118 et
947 3053 1137 3139 mitigatum,

229 3159 304 3245 quia
333 3158 524 3243 expedierit.
566 3157 685 3221 frustra
713 3161 856 3222 nostram
884 3157 1047 3240 ignaviam
1079 3155 1138 3220 alia

228 3262 270 3327 ad
292 3262 452 3329 vocabula
472 3259 654 3341 transferri3
683 3280 757 3324 nam
780 3261 841 3324 viri
865 3261 1009 3346 culpam,
1038 3262 1064 3326 si
1094 3259 1137 3324 f·

229 3367 316 3429 mina
329 3364 463 3429 modum
480 3363 628 3428 excedat.
659 3383 755 3447 porro
773 3363 815 3426 ob
829 3364 923 3429 unius
939 3371 995 3429 aut
1009 3362 1139 3429 alterius

196 3468 413 3536 nsinbecillum
445 3467 586 3532 animum
615 3467 700 3530 male
730 3467 812 3551 eripi
833 3469 956 3533 maritis
979 3465 1139 3536 consortia
