2472 4010
239 286 276 344 60
578 293 717 333 ooasnnn
730 295 828 334 sacrm

237 452 409 530 barzanen,
434 451 558 534 origine
581 451 728 533 Medum,
759 451 800 515 ob
822 450 982 536 insignem
1006 451 1132 536 eorporis
1210 432 1215 480 ⁵¹

218 555 373 621 sformam
397 562 429 619 et
451 555 652 640 praeelarum
674 555 814 619 animum
835 557 1018 621 volentibus
1032 555 1131 620 Arme·

236 662 297 726 niis
329 662 493 747 praefecit.
538 659 757 726 Ariobarzane
791 666 894 725 morte
929 661 1058 726 fortuita
1088 659 1133 724 ab·
1212 665 1214 692 ³

237 772 365 851 sumpto
398 768 530 851 stirpem
567 766 654 829 haud
685 767 883 848 toleravere,
927 771 1134 850 temptatoque
1209 778 1213 811 ²

237 870 374 934 feminae
397 870 550 954 imperio,
575 871 623 933 eui
648 890 767 934 nomen
789 869 906 953 Erato,
934 890 1036 955 esque
1057 868 1136 934 brevi
1211 853 1213 903 l

237 975 330 1060 pulsa
363 973 478 1038 inserti
515 972 676 1056 solutique
713 977 747 1036 et
781 973 886 1055 magis
917 973 986 1037 sine
1017 973 1135 1038 domino

204 1099 334 1162 mquam
356 1077 391 1141 in
412 1076 560 1140 libertate
583 1075 755 1160 profugum
771 1075 934 1141 Vononen
956 1079 989 1140 in
1013 1097 1137 1162 regnum
1218 1127 1219 1130 ,

238 1183 408 1265 aeeipiunt.
452 1180 510 1244 sed
533 1180 588 1244 ubi
611 1181 750 1244 minitari
771 1179 956 1245 Artabanus
980 1187 1013 1244 et
1035 1200 1137 1264 parum
1208 1150 1213 1253 l

239 1285 370 1351 subsidii
392 1287 426 1350 in
447 1285 620 1368 Armeniis,
643 1287 705 1368 vel,
728 1287 754 1349 si
776 1290 888 1348 nostra
908 1285 941 1348 vi
956 1285 1137 1349 defendere·
1212 1303 1219 1359 r?

236 1397 299 1472 tur,
321 1392 442 1456 bellum
465 1391 619 1455 adversus
641 1391 779 1456 Parthos
798 1387 1011 1470 sumendum,
1042 1395 1140 1454 rector
1210 1397 1219 1460 l

239 1496 350 1580 Syriae
368 1495 513 1559 Creticus
528 1495 653 1559 Silanus
677 1496 820 1559 excitum
844 1493 990 1559 custodia
1013 1495 1139 1558 oireum·
1218 1545 1219 1550 1

204 1601 309 1685 udat,
340 1607 489 1667 manente
519 1601 599 1664 luxu
628 1604 660 1664 et
688 1600 779 1684 regio
802 1599 945 1664 nomine.
990 1599 1078 1683 quod
1098 1600 1138 1662 lu·

239 1706 377 1771 dibrium
399 1711 435 1768 ut
458 1704 601 1788 effugere
624 1703 795 1787 agitaverit
817 1703 990 1785 Vonones,
1019 1703 1052 1766 in
1074 1702 1141 1766 loeo

237 1809 421 1874 reddemus.
1214 1867 1215 1870 ,

303 1913 332 1977 5.
358 1911 510 1976 Ceterum
521 1910 650 1975 Tiberio
668 1911 757 1974 haud
771 1911 932 1996 ingratum
948 1911 1066 1976 aooidit
1080 1917 1142 1974 tur·
1214 1939 1215 1944 ¹

238 2017 308 2081 bari
329 2037 381 2080 res
406 2015 548 2097 orientis,
572 2019 607 2077 ut
624 2034 663 2078 ea
678 2013 785 2098 speeie
803 2013 1034 2078 Germanicum
1049 2013 1144 2077 suetis

238 2119 419 2204 legionibus
443 2117 641 2182 abstraheret
663 2119 818 2200 novisque
840 2119 1012 2203 provinoiis
1027 2118 1144 2202 inposi-

238 2232 307 2288 tum
339 2222 413 2287 dolo
446 2223 539 2286 simul
569 2228 601 2286 et
630 2224 757 2286 essibus
788 2223 975 2288 obiectaret.
1020 2230 1054 2288 at
1083 2223 1145 2310 ille,
1215 2271 1216 2274 η

218 2331 359 2412 equanto
391 2325 513 2390 seriora
538 2325 572 2388 in
593 2346 668 2390 eum
691 2327 796 2391 studia
818 2327 955 2391 militum
980 2334 1013 2392 et
1036 2347 1147 2392 aversa

238 2431 343 2516 patrui
373 2428 538 2511 voluntas,
577 2429 765 2494 celerandae
796 2431 951 2496 victoriae
983 2432 1145 2514 intentior,

236 2541 374 2599 traetare
397 2535 595 2616 proeliorum
617 2535 685 2598 vias
709 2539 742 2598 et
761 2535 920 2618 quaesibi
937 2535 1145 2600 tertiumiam
1218 2569 1219 2600 r

238 2660 355 2704 annum
377 2637 581 2720 belligeranti
601 2659 697 2702 saeva
712 2639 764 2701 rel
780 2658 936 2723 prospera
952 2639 1146 2703 evenissent.
1218 2649 1219 2672 l

237 2744 327 2828 fundi
348 2743 528 2807 Germanos
552 2743 619 2806 aoie
644 2748 676 2806 et
699 2743 789 2806 iustis
810 2743 901 2825 loois,
924 2743 1027 2807 iuvari
1051 2742 1147 2824 silvis,

204 2849 425 2933 10paludibus,
455 2847 547 2911 brevi
579 2853 702 2912 aestate
733 2853 765 2911 et
796 2853 1001 2932 praematura
1023 2847 1148 2927 hieme,

238 2973 329 3016 suum
346 2951 479 3014 militem
495 2951 582 3014 haud
593 2951 727 3035 perinde
737 2951 921 3015 vulneribus
932 2973 1027 3036 quam
1037 2951 1149 3036 spatiis

238 3059 398 3137 itinerum,
415 3054 532 3120 damno
548 3077 709 3121 armorum
721 3055 829 3136 adfiei3
846 3055 947 3119 fessas
959 3054 1081 3119 Gallias
1090 3056 1148 3118 mi-

237 3160 409 3227 nistrandis
431 3160 537 3245 equis;
559 3159 693 3244 longum
709 3159 1014 3243 impedimentorum
1032 3179 1149 3244 agmen

240 3271 456 3353 opportunum
487 3262 528 3326 ad
550 3262 697 3344 insidias,
730 3261 971 3326 defensantibus
993 3262 1148 3346 iniquum.

204 3387 230 3427 1⁶
239 3375 271 3434 at
293 3370 320 3433 si
342 3389 429 3432 mare
445 3367 591 3448 intretur,
614 3369 797 3449 promptam
813 3365 891 3448 ipsis
908 3366 1149 3449 possessionem

240 3479 273 3538 et
299 3472 447 3537 hostibus
469 3471 629 3554 ignotam,
660 3469 755 3533 simul
776 3469 898 3533 bellum
923 3469 1078 3533 maturius
1101 3471 1148 3536 in·
