2498 4010
519 323 690 363 ramsmo.
1018 341 1055 376 ,Π
1173 368 1174 372 η

147 481 251 546 Taciti
264 483 358 548 esse?
381 483 473 548 Idem
489 483 577 549 valet
593 483 633 548 de
649 482 793 548 adhibito
806 483 945 548 ablativo
960 505 1055 569 quem

148 587 260 651 dicunt
283 608 414 652 causae:
437 609 514 654 num
528 589 716 653 verisimile
734 593 783 652 est
799 587 937 652 eundem
955 590 1054 675 scrip-

148 699 254 755 torem
278 690 414 757 dixisse:
439 689 469 770 (I
493 694 706 776 lapsantem
728 692 818 776 [erpa
829 690 1007 776 parentem]
1029 699 1056 756 et

148 801 284 877 tempora
306 794 370 877 [rei
384 794 543 878 publicae]
565 795 695 860 obtentui
707 803 831 880 sarapta
853 795 888 876 (i.
904 818 932 861 e.
952 797 996 861 ab
1012 812 1055 862 aa

147 898 219 979 esse)
242 906 274 964 et
297 898 499 981 (181³)taea
522 901 722 964 cacabatum
748 899 785 964 de
808 900 992 980 leucadam
1019 921 1055 963 ea

148 1006 217 1088 qais
245 1006 379 1068 manime
406 1007 538 1088 iaeipaes
560 1003 718 1087 [meista
696 1009 846 1088 ratperta
873 1004 1056 1087 triumphali

148 1107 307 1171 duceretur
319 1109 435 1191 faaas
459 1109 568 1173 Gallus
581 1111 720 1190 Maiae,
742 1116 777 1172 at
797 1110 896 1193 [epum
917 1110 1055 1172 latarum
1143 1133 1145 1137 ·

148 1213 237 1296 titali,
259 1214 408 1277 victarum
430 1215 474 1279 ab
493 1231 536 1281 eo
552 1216 688 1298 pentiam
705 1213 850 1277 aoeababa
866 1212 1055 1296 anteferren-

146 1322 214 1398 tur,
240 1316 277 1381 L.
299 1320 472 1383 Arruntius
494 1341 639 1384 censuere.
676 1319 806 1384 addebat
825 1318 969 1384 Messalla
997 1318 1056 1381 Va

146 1421 240 1485 brias
256 1424 465 1488 reaoaaadara
474 1447 534 1509 per
547 1446 645 1490 aaaos
658 1430 883 1489 sacrasanctam
898 1426 932 1487 ia
947 1443 1055 1487 acmen

151 1525 267 1590 Tiberii
272 1550 284 1608 ;
305 1529 563 1614 interropatasqae
585 1547 606 1594 a
622 1528 769 1595 'fiterio
786 1578 793 1593 .
811 1576 842 1593 ..
866 1528 1053 1611 praesertim

148 1651 220 1694 cum
236 1630 366 1696 Tacitus
381 1654 476 1716 quam
494 1633 737 1752 diligentissime
753 1639 866 1698 caveat
880 1654 922 1697 ne
939 1631 1053 1696 cadem

145 1733 246 1797 verba
269 1742 301 1799 et
323 1737 453 1800 nomina
474 1738 558 1802 intra
575 1737 669 1802 nimis
688 1738 786 1803 breve
805 1740 962 1801 sermonis
982 1757 1053 1819 spa·

145 1837 275 1901 tiumt
250 1838 346 1902 iteret
370 1837 419 1919 (ut
405 1838 492 1902 thio
515 1839 578 1904 loci
596 1840 732 1922 peatiam
759 1841 943 1904 voeabula
973 1840 1055 1904 dixit

147 1943 188 2006 ob
208 1943 392 2027 proximum
413 1945 454 2006 ia
475 1964 609 2008 acmen
632 1943 786 2008 Tiberii
807 1952 840 2010 ct
858 1945 955 2030 paulo
973 1943 1055 2008 infra

147 2045 262 2110 Caesar
284 2059 343 2132 pr‘o
370 2046 534 2130 Tiberius).
568 2049 703 2114 Etiam
696 2071 729 2112 1n
751 2048 942 2112 adhibendis
962 2049 1054 2114 omit·

145 2150 294 2216 tendisne
318 2151 560 2236 pronominibus
583 2153 773 2237 possessivis
798 2157 832 2216 et
854 2153 1054 2216 demonstra·

145 2253 220 2334 tivis
237 2256 352 2320 cadem
375 2255 456 2320 mira
474 2255 530 2319 illa
548 2256 762 2321 inconstantia
779 2256 949 2338 invenitur,
972 2275 1054 2340 quae

145 2379 278 2442 prorsus
301 2359 406 2423 aliena
422 2358 565 2443 putanda
580 2365 716 2424 osteum
731 2361 772 2424 ab
789 2360 911 2444 optimo
927 2380 1055 2445 quoqne

147 2463 302 2547 scriptore
320 2469 389 2527 tum
404 2485 423 2527 a
437 2463 560 2544 Tacito,
576 2483 673 2547 quem
691 2485 834 2528 summae
850 2464 1000 2529 brevitati
1011 2465 1056 2527 ita

147 2567 277 2632 studere
307 2573 343 2631 ut
370 2565 525 2651 quidquid
551 2567 748 2652 superfluum
770 2567 884 2651 procul
905 2572 1055 2631 amoveat

145 2692 242 2737 nemo
272 2672 449 2755 negaverit.
493 2671 532 2736 In
560 2671 610 2735 his
639 2672 737 2736 rebus
765 2672 848 2735 hauc
877 2691 939 2754 ego
968 2671 1054 2735 viam

147 2778 311 2859 ingressus
335 2797 405 2841 sum
427 2782 551 2843 utnon
575 2776 681 2840 omnia
702 2782 758 2856 est,
780 2781 866 2858 suat,
888 2795 961 2856 esse,
983 2776 1056 2855 eius,

145 2881 210 2945 alia
227 2880 260 2944 id
279 2902 381 2965 genus
399 2901 637 2966 supervacanea
654 2881 688 2943 in
705 2881 766 2944 hac
789 2879 931 2944 editione
948 2900 1054 2944 remo-

144 3007 274 3069 verem,
299 2985 357 3052 sed
380 3007 418 3051 ea
440 2993 564 3050 tantum
583 3006 670 3070 quae
692 2986 745 3050 vel
768 2987 839 3070 ipsa
861 2986 1054 3070 repetitione
1131 3031 1137 3041 ·

145 3092 283 3156 molesta
305 3091 497 3156 videbantur
519 3111 589 3156 csse
614 3089 656 3171 (c.
673 3110 704 3173 g.
726 3089 744 3152 I
767 3091 822 3154 8³⁸
844 3097 879 3152 at
898 3091 1056 3173 sepultura

143 3193 247 3277 [aaa]
278 3197 379 3280 quieta
393 3195 568 3280 foret...,
596 3196 679 3260 194
709 3195 745 3258 ia
766 3215 825 3280 qao
842 3201 935 3278 pater
955 3192 1055 3276 [etas]

148 3297 289 3364 Octaviae
315 3302 409 3364 eitam
431 3301 583 3384 finivisset
701 3301 799 3364 1910
822 3307 855 3363 at
875 3299 962 3383 apud
981 3320 1056 3383 psa

146 3403 248 3467 deam
261 3405 322 3468 aba
337 3403 437 3487 [etas]
452 3407 536 3469 carie
551 3405 743 3470 eatoldebatar
754 3402 986 3488 arpacbatarae)
1002 3403 1055 3468 ve]

145 3507 226 3572 alias
242 3509 283 3573 ob
304 3531 414 3576 causas
433 3517 591 3596 suspecta.
627 3509 673 3573 At
688 3510 779 3591 hacc,
799 3528 882 3590 cum,
905 3514 1056 3593 utsupra
