2498 4010
220 314 256 371 54
546 319 684 357 conunnrr
697 318 794 358 uacrrr

219 480 411 542 sententiam
427 481 533 564 palam
553 485 585 543 et
600 480 748 545 iuratum.
781 482 961 545 evanebant
984 483 1048 544 iam
1062 488 1130 544 turn

219 583 358 666 vestigia
378 584 544 647 morientis
563 584 729 648 libertatis.
763 585 862 668 igitur
878 585 935 649 On.
952 585 1028 650 Piso
1047 583 1130 669 ,quo‘

219 687 321 772 inquit
344 689 425 769 ,loco
450 689 604 770 censebis,
631 689 772 753 Caesar?
800 691 827 753 si
848 690 979 774 primus,
1002 689 1129 753 habebo

220 792 306 876 quod
330 813 461 877 sequar:
485 793 511 856 si
533 798 730 878 postremus,
753 814 870 857 vereor
890 814 931 856 ne
954 791 1130 878 inprudens

185 893 426 963 adissentiam.‘
472 905 637 981 permotus
668 898 736 978 his,
767 901 951 981 quantoque
973 897 1130 960 incautius

220 1001 401 1082 efferverat,
431 1002 628 1085 paenitentia
651 1002 776 1086 patiens
798 1001 871 1065 tulit
894 1001 1016 1065 absolvi
1039 1022 1130 1064 reum

220 1103 406 1167 criminibus
428 1104 619 1167 maiestatis:
648 1103 687 1167 de
711 1105 857 1189 pecuniis
879 1102 1068 1188 repetundis
1091 1104 1132 1166 ad

219 1207 451 1290 reciperatores
473 1207 555 1270 itum
578 1212 636 1270 est.

287 1311 336 1374 75.
368 1309 399 1374 N
401 1331 438 1374 ee
460 1316 587 1394 patrum
605 1311 841 1395 cognitionibus
858 1313 989 1376 satiatus
1005 1311 1131 1376 iudiciis

220 1413 388 1479 adsidebat
403 1413 436 1478 in
455 1435 554 1478 cornu
569 1415 748 1498 tribunalis,
771 1436 811 1479 ne
830 1422 1015 1500 praetorem
1031 1414 1133 1478 curuli

221 1517 415 1603 depelleret3
440 1517 604 1602 multaque
620 1539 659 1582 eo
675 1540 782 1582 coram
800 1519 953 1584 adversus
976 1520 1133 1584 ambitum

221 1629 253 1688 et
275 1623 454 1709 potentium
478 1642 591 1707 preces
613 1625 794 1696 constituta.
840 1632 889 1689 set
913 1625 988 1688 dum
1004 1625 1134 1689 veritati

199 1728 414 1804 sconsulitur‚
446 1727 577 1791 libertas
611 1730 884 1813 corrumpebatur.
935 1729 1019 1793 inter
1050 1751 1133 1813 quae

221 1831 298 1896 Pius
328 1831 482 1896 Aurelius
520 1837 649 1895 senator
688 1841 819 1916 questus
861 1834 946 1898 mole
983 1834 1133 1918 publicae

222 1936 293 1999 viae
330 1934 491 2019 ductuque
529 1956 683 2019 aquarum
718 1937 892 2001 labefactas
926 1937 1016 2002 aedis
1048 1959 1133 2019 suas,

223 2039 378 2102 auxilium
401 2044 528 2123 patrum
550 2039 730 2104 invocabat.
775 2042 998 2106 resistentibus
1018 2043 1135 2105 aerarii

223 2143 425 2228 praetoribus
455 2143 603 2207 subvenit
626 2143 745 2208 ansar
773 2146 977 2229 pretiumque
999 2144 1134 2209 Aurelio

189 2248 341 2329 retribuit,
366 2246 548 2330 erogandae
572 2268 630 2332 per
652 2247 789 2313 honesta
811 2250 967 2334 pecuniae
991 2249 1136 2333 cupiens,

224 2372 319 2436 quam
334 2350 485 2414 virtutem
507 2349 562 2414 diu
584 2352 725 2434 retinuit,
750 2373 823 2415 cum
846 2359 970 2417 ceteras
988 2361 1136 2417 exueret.

222 2456 393 2540 Propertio
426 2454 533 2519 Celeri
564 2457 746 2541 praetorio,
780 2447 907 2522 veniam
940 2457 1061 2521 ordinis
1094 2459 1138 2522 ob

224 2564 447 2645 paupertatem
470 2562 610 2644 petenti,
636 2561 765 2626 deciens
795 2563 976 2626 sestertium
1001 2563 1139 2644 largitus

224 2670 291 2745 est,
324 2664 400 2727 satis
433 2669 586 2748 conperto
619 2672 769 2748 paternas
801 2667 830 2730 ei
860 2668 1024 2749 angustias
1054 2688 1139 2731 esse.

189 2796 214 2834 rs
223 2769 410 2854 temptantis
441 2769 555 2833 eadem
587 2771 667 2833 alios
699 2771 836 2855 probare
867 2792 978 2834 causas
1010 2773 1140 2835 senatui

224 2874 329 2955 iussit,
354 2873 504 2958 cupidine
528 2875 708 2938 severitatis
731 2874 826 2937 iniis
850 2875 946 2937 etiarn
970 2895 1052 2958 quae
1076 2875 1140 2940 rite

223 2978 346 3042 laceret
369 2979 512 3043 acerbus.
552 2977 638 3042 uude
656 2980 754 3043 ceteri
771 2979 934 3043 silentium
951 2984 983 3042 et
997 3000 1140 3064 pauper-

224 3088 325 3147 tatem
350 3081 543 3172 confessioni
566 3088 598 3147 et
621 3083 776 3146 beneficio
800 3103 1027 3168 praeposuere.

290 3190 339 3252 76.
372 3186 498 3250 Eodem
531 3207 614 3250 anno
648 3187 805 3250 continuis
838 3186 992 3251 imbribus
1024 3192 1141 3250 auctus

224 3291 349 3355 Tiberis
372 3290 469 3374 plana
490 3290 578 3353 urbis
607 3294 826 3378 stagnaverat3
860 3289 1059 3354 relabentem
1089 3311 1141 3354 se·

226 3401 300 3457 cuta
315 3400 364 3458 est
387 3393 606 3457 aedificiorum
628 3400 662 3456 et
683 3392 849 3457 hominum
866 3400 999 3477 strages.
1039 3394 1142 3478 igitur

227 3499 351 3565 censuit
365 3497 496 3560 Asinius
514 3495 626 3560 Gallus
649 3502 685 3558 ut
706 3498 779 3560 libri
795 3497 942 3561 Sibullini
962 3496 1140 3562 adirentur.
