2498 4010
183 292 200 348 8
521 296 658 336 11111111
672 297 770 337 111111

183 457 317 522 oonsilio
340 457 402 521 nisi
418 478 475 521 suo
498 478 640 540 usurum,
663 457 716 522 vel
732 477 804 522 oum
826 458 971 541 periculo
989 455 1090 522 offen-

182 561 296 628 sionis:
321 583 360 626 11
382 563 451 627 sola
473 563 598 647 species
621 561 774 627 adulandi
797 569 974 646 supererat.
1016 582 1092 626 oon-

148 665 569 750 111111111111111111111111
585 665 626 730 ad
642 687 756 750 rogum
772 667 892 732 umoris
905 672 1090 731 senatorum

181 770 360 834 ferendum.
396 770 521 835 remisit
538 770 658 836 Caesar
675 771 846 855 adroganti
867 771 1090 836 moderatione

181 873 400 960 populumque
417 876 523 942 edioto
540 877 665 940 monuit
679 897 731 958 ne,
755 880 791 939 11
807 874 970 960 quondam
985 875 1091 939 nimiis

182 979 296 1043 studiis
318 979 412 1044 funus
437 979 503 1044 divi
524 979 600 1044 lulii
622 980 817 1062 turbassent,
839 979 885 1043 ita
906 977 1092 1062 Augustum

180 1083 214 1147 iu
237 1083 307 1149 foro
326 1083 438 1168 'potius
454 1105 550 1169 quam
573 1086 606 1149 iu
623 1103 736 1168 eampo
752 1083 875 1166 Martis,
898 1083 977 1148 sede
994 1083 1091 1147 dasti-

147 1193 276 1268 sonata,
299 1187 436 1252 eremari
457 1188 589 1253 vellent.
635 1188 688 1252 die
710 1188 832 1252 funeris
862 1188 980 1254 militas
1004 1189 1092 1253 velut

182 1289 344 1374 praesidio
375 1297 512 1375 stetere,
542 1295 679 1359 multum
708 1294 921 1358 inridentibus
948 1294 1003 1379 qui
1032 1293 1092 1378 ipsi

182 1395 330 1460 videraut
361 1397 479 1480 quique
510 1419 530 1462 a
560 1398 746 1482 parentibus
782 1405 974 1483 aooeperant
1006 1397 1090 1462 diem

182 1501 272 1564 illum
296 1500 388 1567 erudi
402 1501 508 1566 adhue
530 1503 652 1566 servitii
668 1507 701 1566 at
723 1502 879 1566 libertatis
902 1502 1091 1586 inprospere

182 1606 350 1690 repetitae,
374 1627 446 1671 oum
464 1607 588 1670 onaisus
605 1605 743 1671 dictator
758 1605 878 1670 Caesar
901 1607 971 1671 aliis
991 1606 1091 1690 passi-

147 1739 173 1776 11
183 1730 281 1793 mum,
303 1709 374 1774 aliis
392 1710 644 1796 pulcherrimum
666 1710 788 1775 facinus
804 1709 986 1776 videretur:
1008 1732 1092 1776 nuno

135 1885 137 1890 ,
182 1836 293 1879 senem
315 1813 503 1898 prinoipem,
527 1815 626 1896 longa
647 1813 808 1897 potentia,
831 1815 970 1898 provisis
994 1815 1090 1879 etiam

182 1918 338 1984 heredum
361 1919 394 1983 in
408 1940 478 1982 rem
501 1920 663 2004 publicam
682 1920 808 2004 opibus,
831 1918 951 1985 auxilio
968 1919 1092 1983 seilicet

182 2023 312 2087 militari
335 2023 502 2106 tuendum,
526 2030 561 2087 ut
584 2025 749 2109 sepultura
775 2025 883 2109 quieta
905 2023 1000 2089 foret.

200 2127 204 2174 Γ
248 2127 278 2189 9.
310 2126 433 2192 Multus
455 2127 530 2191 hino
552 2127 623 2211 ipso
647 2127 689 2191 de
705 2127 855 2211 Augusto
880 2148 998 2210 sermo,
1021 2126 1091 2211 ple-

181 2230 288 2315 risque
311 2251 394 2294 vana
416 2230 620 2314 mirantibus,
653 2231 741 2317 quod
764 2231 851 2296 idem
875 2231 943 2298 dies
966 2231 1092 2316 aooepti

182 2332 345 2419 quondam
381 2333 509 2417 imperii
544 2336 696 2419 princeps
730 2339 763 2398 11
794 2335 879 2400 vitae
913 2357 1092 2421 supremus,

182 2436 271 2524 quod
292 2437 397 2502 Nolae
426 2438 460 2500 in
484 2437 581 2502 domo
605 2443 638 2503 at
668 2438 816 2504 11111111
848 2439 967 2524 inquo
1000 2445 1093 2524 pater

160 2543 335 2616 sOotavins
358 2542 458 2607 vitam
486 2542 652 2608 finivisset.
706 2564 859 2608 numerus
888 2545 985 2609 etiam
1016 2566 1091 2609 oon·
1144 2527 1153 2538 ¹

182 2647 343 2712 sulatuum
366 2646 599 2728 celebrabatur,
622 2667 686 2730 quo
708 2646 877 2711 Valerium
896 2645 1037 2712 Corvum
1060 2651 1092 2711 et

184 2751 219 2817 Ο.
234 2752 373 2817 Marium
396 2751 491 2815 simul
507 2757 711 2835 aequaverat,
737 2751 923 2816 continuata
938 2772 997 2835 per
1019 2772 1092 2834 sep·

182 2861 248 2920 tem
272 2861 304 2920 et
325 2855 458 2938 triginta
481 2875 582 2920 annos
605 2855 776 2921 tribunioia
798 2862 952 2940 potestas,
975 2877 1093 2921 nomen

182 2960 374 3044 inperatoris
402 2957 504 3024 semel
533 2965 629 3045 atque
652 2958 775 3024 viciens
806 2965 934 3044 partum
966 2961 1092 3046 aliaque

150 3063 341 3129 1ohonorum
370 3063 582 3148 multiplicata
610 3070 666 3128 111
696 3085 791 3129 nova.
838 3070 870 3129 at
902 3065 988 3150 apud
1017 3087 1093 3150 pru·

185 3165 298 3258 dentes
341 3167 408 3230 vita
446 3165 535 3231 varie
581 3166 800 3231 extollebatur
844 3169 1093 3252 arguebaturve.

183 3269 229 3332 Hi
255 3270 376 3351 pietate
404 3289 484 3352 erga
511 3274 680 3354 parentem
710 3277 743 3335 11
777 3273 1017 3338 neeessitudina
1046 3273 1093 3338 rei

183 3372 347 3458 publicae,
375 3372 409 3436 in
438 3393 502 3455 qua
523 3373 630 3438 nullus
651 3357 736 3438 Ι11111
765 3374 892 3457 legibus
921 3377 1028 3459 loeus,
1051 3376 1093 3440 ad

184 3497 271 3541 arma
294 3477 400 3542 civilia
422 3483 540 3542 aetum.
586 3479 688 3543 multa
709 3477 872 3561 Antonio,
896 3480 972 3545 dum
995 3482 1094 3546 intor-
