2482 4014
336 335 374 374 an
383 322 512 374 'excussu
526 334 590 374 mvr
602 333 729 375 aueusrr
744 335 774 375 vr
787 325 871 377 ac-uL
1000 329 1058 387 245

152 516 207 560 cus
230 494 366 581 adeptus
395 496 607 579 maximisque
631 495 805 580 provinciis
827 516 885 580 per
909 499 1060 580 quattuor

153 605 185 664 et
215 600 330 684 viginti
364 621 464 664 annos
496 599 653 684 inpositus
684 599 806 662 nullam
837 599 877 663 ob
908 601 1059 664 eximiam

153 710 253 770 artem
282 703 341 770 sed
371 703 458 790 quod
487 725 545 790 par
568 704 708 788 negotiis
730 723 835 786 neque
860 725 957 788 supra
980 712 1060 769 erat.

217 809 269 872 40.
305 808 343 884 Q.
372 808 519 872 Plautius
547 807 622 872 Sex.
645 808 800 894 Papinius
828 809 978 874 consules
1008 830 1059 874 se·

152 918 302 998 quuntur.
348 933 388 980 eo
412 932 495 977 anno
519 933 626 996 neque
648 911 736 996 quod
757 911 795 975 L.
818 911 975 977 Aruseius
991 939 1062 979 *aa
1125 999 1127 1003 ι

154 1022 256 1080 morte
294 1015 414 1081 adfecti
445 1017 553 1081 forent
589 1017 802 1081 adsuetudine
837 1017 996 1081 malorum
1027 1022 1063 1080 ut

153 1129 249 1185 atrox
267 1120 506 1201 advertebatur,
530 1119 588 1185 sed
608 1122 765 1186 extenuit
781 1122 867 1205 quod
882 1121 1063 1186 Vibulenus

154 1222 302 1309 Agrippa
325 1244 424 1308 eques
446 1223 623 1306 Romanus,
649 1245 720 1288 cum
742 1230 947 1309 perorassent
970 1239 1085 1290 acon-⁵

154 1333 287 1410 satores,
310 1328 344 1390 in
361 1327 432 1411 ipsa
455 1328 542 1392 curia
565 1327 794 1413 depromptum
817 1330 888 1393 sinu
903 1349 1064 1394 venenum

153 1433 260 1498 hausit
281 1432 514 1518 prolapsusque
538 1454 575 1496 ac
593 1433 804 1497 moribundus
825 1433 984 1498 festinatis
1007 1434 1064 1499 lic·

153 1543 260 1601 torum
283 1536 429 1602 manibus
453 1537 486 1601 in
505 1557 668 1601 carcerem
690 1542 800 1620 raptus
825 1543 874 1601 est
892 1537 1064 1621 faucesque

154 1642 219 1707 iam
232 1642 387 1709 exanimis
402 1640 518 1724 laqueo
531 1646 679 1705 vexatae.
703 1661 744 1705 ne
754 1641 910 1726 Tigranes
924 1640 1063 1726 quidem,

154 1734 310 1810 Armenia
332 1744 495 1829 quondam
516 1745 638 1829 potitus
662 1765 699 1808 ac
722 1751 797 1809 tunc
820 1765 911 1827 rcus,
934 1747 1099 1811 nominem

154 1849 244 1936 regio
262 1850 420 1934 supplicia
435 1848 552 1913 civium
569 1849 692 1932 effugit.
727 1854 759 1912 at
776 1848 812 1913 O.
832 1847 934 1913 Galba
950 1870 1064 1913 consu·

119 2040 125 2056 ι
154 1956 231 2020 laris
263 1963 296 2020 et
328 1954 391 2019 duo
422 1954 531 2019 Blaesi
564 1954 745 2018 voluntario
785 1955 875 2018 exitu
907 1954 1063 2039 cecidere,

158 2060 262 2126 Galba
282 2059 425 2123 tristibus
443 2058 588 2123 Caesaris
609 2058 726 2122 litteris
742 2058 939 2143 provinciam
958 2059 1065 2124 sortiri

156 2163 352 2250 prohibitus:
368 2163 494 2228 Blaesis
507 2161 697 2245 sacerdotia,
707 2162 833 2254 integra
843 2182 955 2226 eorum
966 2163 1063 2227 domo

157 2268 325 2351 destinata,
349 2268 503 2333 convulsa
521 2267 696 2349 distulerat,
720 2271 796 2330 tunc
813 2271 849 2329 ut
869 2287 971 2330 vacua
990 2287 1099 2332 con-ra

155 2372 230 2438 tulit
251 2373 284 2437 in
307 2372 397 2453 alios,
424 2370 512 2455 quod
535 2371 662 2455 signum
685 2370 796 2434 mortis
819 2370 1021 2436 intellexere.

222 2478 273 2540 41.
305 2477 370 2540 Per
391 2476 479 2540 idem
501 2481 629 2561 tempus
654 2475 809 2540 Clitarum
831 2477 919 2539 natio
941 2475 1066 2562 (lappa-

158 2580 232 2646 doci
253 2579 415 2646 Archelao
438 2580 591 2662 subiecta,
616 2580 690 2664 quia
711 2585 858 2645 nostrum
879 2581 912 2644 in
935 2581 1066 2644 modum

159 2685 284 2750 deferre
309 2704 440 2766 census,
469 2684 536 2768 pati
557 2683 677 2748 tributa
699 2682 907 2766 adigebatur,
936 2684 968 2747 in
992 2685 1067 2770 iuga

158 2788 254 2853 Tauri
283 2789 401 2853 montis
429 2787 584 2852 abscessit
607 2788 817 2871 locorumque
840 2786 971 2871 ingenio
996 2807 1066 2851 sese

159 2898 271 2959 contra
300 2892 449 2958 imbelles
481 2892 568 2977 regis
604 2892 712 2975 copias
746 2890 925 2970 tutabatur,
964 2889 1088 2956 donec⁶

158 2999 203 3063 M.
225 2996 406 3062 Trebellius
435 2997 561 3080 legatus
585 3018 604 3060 a
626 2995 759 3060 Vitellio
783 2983 931 3079 praeside
955 2994 1067 3079 Syriae

159 3123 231 3166 cum
263 3106 413 3186 quattuor
444 3101 572 3166 milibus
603 3102 854 3186 legionariorum
878 3106 911 3165 et
935 3100 1068 3165 delectis

159 3207 286 3270 auxiliis
315 3207 431 3269 missus
463 3205 545 3269 duos
575 3207 681 3287 collis,
714 3227 797 3292 quos
826 3205 955 3270 barbari
982 3207 1066 3270 inse-

160 3308 273 3375 derant
310 3309 442 3392 (minori
477 3309 598 3393 Cadra,
634 3311 728 3375 alteri
758 3309 887 3374 Davara
923 3308 1067 3394 nomen),

160 3414 310 3499 operibus
342 3414 553 3480 circumdedit
583 3421 615 3479 et
646 3434 815 3500 erumpere
846 3435 940 3480 ausos
969 3414 1103 3498 ferro,1c

159 3523 286 3584 ceteros
309 3520 362 3583 siti
384 3520 425 3584 ad
449 3519 648 3585 deditionem
671 3520 787 3604 coegit.
