2444 4010
257 303 294 342 AB
307 303 434 344 EXOESSU
447 303 512 344 DIVI
525 303 654 345 AUGUSTI
667 304 702 345 m
716 305 801 344 ἸΙ-Ἡ.
931 300 986 357 157

76 465 252 549 postularet
291 470 347 528 aut
382 464 504 529 bellum
541 465 739 550 inexpiabile
776 466 1011 531 minitaretur.s

75 591 138 634 non
171 569 248 634 alias
280 570 382 654 magis
414 589 472 633 sua
502 570 679 654 populique
707 568 847 632 Romani
879 577 990 635 contu-

75 674 171 740 melia
192 674 370 739 indoluisse
388 674 561 739 Gaesarem
584 673 692 740 ferunt
714 695 810 758 quam
828 674 917 758 quod
934 674 989 738 de-

77 786 180 844 sertor
204 783 237 842 et
259 777 381 863 praedo
404 777 546 844 hostium
568 797 660 841 more
676 777 798 863 ageret.
835 798 877 842 ne
894 778 990 862 Spar-

76 893 146 948 taco
184 883 316 968 quidem
352 891 425 968 post
461 888 511 946 tot
542 881 758 946 consularium
790 882 992 947 exercituum

78 989 185 1054 clades
208 988 342 1052 inultam
364 987 494 1052 Italiam
509 987 626 1069 urenti,
649 1006 842 1071 quamquam
858 985 992 1050 Sertorii
1002 1011 1027 1050 ιο

77 1099 174 1177 atque
207 1092 402 1157 Mithridatis
435 1091 620 1175 ingentibus
653 1091 748 1154 bellis
782 1091 906 1156 labaret
939 1112 992 1155 res

76 1196 221 1281 publiea,
254 1195 364 1259 datum
394 1201 431 1259 ut
462 1202 555 1280 paeto
586 1196 620 1258 in
647 1194 747 1259 fidem
777 1195 992 1279 acciperetur3

77 1299 198 1364 nedum
220 1299 435 1384 pulcherrimo
459 1298 572 1384 populi
593 1298 734 1364 Romani
756 1297 885 1383 fastigio
908 1301 992 1363 latro
1028 1317 1031 1324 ·

78 1403 262 1469 Tacfarinas
288 1425 368 1488 paee
392 1411 425 1469 et
448 1403 657 1469 concessione
679 1424 831 1486 agrorum
853 1403 993 1468 redime-

78 1515 178 1573 retur.
224 1507 279 1572 dat
306 1509 475 1591 negotium
496 1497 614 1572 Blaeso
647 1514 773 1572 ceteros
799 1507 929 1592 quidem
953 1507 1030 1572 adra

80 1634 171 1704 spem
194 1613 368 1697 proliceret
391 1634 480 1677 arma
502 1613 571 1676 sine
594 1632 681 1677 noxa
705 1611 865 1695 ponendi,
894 1613 994 1695 ipsius

80 1725 188 1783 autem
212 1716 301 1781 ducis
325 1737 455 1802 quoquc
479 1716 578 1782 modo
601 1722 778 1801 poteretur.
817 1722 849 1781 et
871 1718 995 1802 recepti

80 1841 119 1886 ea
140 1821 237 1885 venia
258 1821 413 1905 plerique.
451 1842 529 1884 mox
552 1821 723 1886 adversum
746 1828 831 1885 artes
854 1819 994 1884 Tacfari-

80 1926 163 1989 natis
186 1924 271 1988 haud
296 1925 442 1989 dissimili
464 1926 562 1990 modo
586 1925 823 2009 belligeratum.

147 2029 198 2092 74.
232 2028 316 2093 Nam
350 2029 425 2112 quia
457 2028 512 2093 ille
546 2029 664 2094 robore
699 2031 861 2094 exercitus
894 2031 994 2115 inpar,

80 2132 207 2196 furandi
230 2133 359 2216 melior,
386 2133 485 2218 pluris
507 2155 566 2218 per
588 2135 706 2217 globos
727 2135 904 2200 incursaret
927 2137 995 2198 elu-

83 2236 239 2320 deretque
263 2242 295 2300 et
316 2237 448 2301 insidias
471 2238 565 2302 simul
588 2244 777 2323 temptaret,
803 2245 868 2303 tres
890 2240 994 2303 inces-

82 2361 144 2423 sus,
167 2341 304 2410 totidem
326 2342 454 2426 agmina
476 2347 638 2426 parantur.
677 2364 718 2408 ex
739 2343 808 2427 quis
826 2342 996 2407 Cornelius

81 2443 188 2530 Scipio
218 2447 346 2529 legatus
375 2445 514 2530 praefuit
543 2467 606 2530 qua
635 2446 802 2530 praedatio
828 2448 861 2510 in
883 2448 1017 2531 Lepti-s

81 2555 174 2616 tanos
205 2559 238 2616 et
267 2549 407 2633 suffugia
436 2548 683 2631 Garamantum
714 2551 777 2614 alio
807 2551 925 2630 latere,
954 2571 996 2615 ne

84 2653 278 2720 Cirtensium
308 2654 384 2738 pagi
414 2654 545 2738 impune
577 2655 800 2735 traherentur,
831 2657 995 2741 propriam

82 2779 211 2824 manum
227 2758 362 2822 Blaesus
384 2757 467 2821 filius
491 2759 594 2823 duxit.
632 2757 741 2823 medio
766 2780 838 2823 eum
862 2758 996 2824 delectis

83 2862 213 2926 castella
237 2866 270 2924 et
291 2860 486 2926 munitiones
509 2862 635 2927 idoneis
659 2862 738 2927 locis
756 2863 913 2948 inponens
930 2863 997 2927 dux

81 2965 150 3049 ipse
174 2971 244 3028 arta
267 2970 298 3028 et
320 2963 445 3030 infensa
466 2967 612 3031 hostibus
629 2973 742 3031 cuneta
757 2968 887 3050 fecerat,
911 2968 1031 3052 quia,1c

83 3089 211 3155 quoquc
233 3069 433 3151 inclinarent,
456 3092 530 3156 pars
552 3072 661 3157 aliqua
683 3073 793 3136 militis
809 3071 948 3136 Romani
963 3072 996 3134 in

83 3193 148 3257 ore,
172 3173 205 3238 in
225 3173 328 3239 latere
352 3182 385 3239 et
407 3194 503 3260 saepe
524 3182 652 3259 atergo
673 3182 759 3256 erat,
782 3175 938 3259 multique
955 3195 994 3239 eo

83 3278 180 3342 modo
196 3278 282 3344 eaesi
293 3285 347 3343 aut
360 3278 578 3344 circumventi.
605 3286 682 3344 tunc
692 3280 886 3365 tripertitum
901 3301 995 3344 exer-

82 3383 180 3446 citum
201 3381 302 3467 pluris
320 3382 354 3446 in
368 3403 480 3447 manus
496 3382 654 3469 dispergit
668 3384 904 3469 praeponitque
921 3407 996 3450 cen-

82 3489 225 3554 turiones
254 3487 380 3552 virtutis
410 3494 575 3572 expertae.
620 3509 697 3570 neo,
727 3494 763 3550 ut
790 3510 859 3554 mos
882 3489 1032 3570 lucratus
