<?xml version="1.0" encoding="UTF-8"?>
<!DOCTYPE html PUBLIC "-//W3C//DTD XHTML 1.0 Transitional//EN"
    "http://www.w3.org/TR/xhtml1/DTD/xhtml1-transitional.dtd">
<html xmlns="http://www.w3.org/1999/xhtml" xml:lang="en" lang="en">
 <head>
  <title>
</title>
<meta http-equiv="Content-Type" content="text/html;charset=utf-8" />
  <meta name='ocr-system' content='tesseract 3.04.00' />
  <meta name='ocr-capabilities' content='ocr_page ocr_carea ocr_par ocr_line ocrx_word'/>
</head>
<body>
  <div class='ocr_page' id='page_1' title='image "./annalen01tacigoog_0099.png"; bbox 0 0 2444 4010; ppageno 0'>
   <div class='ocr_carea' id='block_1_1' title="bbox 221 317 837 374">
    <p class='ocr_par' dir='ltr' id='par_1_1' title="bbox 221 317 837 374">
     <span class='ocr_line' id='line_1_1' title="bbox 221 317 837 374; baseline -0.003 -13"><span class='ocrx_word' id='word_1_1' title='bbox 221 317 264 374; x_wconf 65' lang='lat'><strong>86</strong></span> <span class='ocrx_word' id='word_1_2' title='bbox 467 351 470 356; x_wconf 95' lang='lat'><em>.</em></span> <span class='ocrx_word' id='word_1_3' title='bbox 558 319 696 361; x_wconf 80' lang='lat' dir='ltr'><strong>ooaunnn</strong></span> <span class='ocrx_word' id='word_1_4' title='bbox 710 319 808 360; x_wconf 75' lang='lat' dir='ltr'><strong>morus</strong></span> <span class='ocrx_word' id='word_1_5' title='bbox 835 318 837 322; x_wconf 74' lang='grc'>’</span> 
     </span>
    </p>
   </div>
   <div class='ocr_carea' id='block_1_2' title="bbox 190 476 1134 2344">
    <p class='ocr_par' dir='ltr' id='par_1_2' title="bbox 190 467 1134 2344">
     <span class='ocr_line' id='line_1_2' title="bbox 224 476 1121 565; baseline -0.007 -20"><span class='ocrx_word' id='word_1_6' title='bbox 224 479 520 565; x_wconf 89' lang='lat' dir='ltr'><strong>praetendebantur</strong></span> <span class='ocrx_word' id='word_1_7' title='bbox 529 476 848 544; x_wconf 83' lang='lat' dir='ltr'><strong>auxiliumaduersus</strong></span> <span class='ocrx_word' id='word_1_8' title='bbox 856 476 1035 542; x_wconf 79' lang='lat' dir='ltr'><strong>Cheruscos</strong></span> <span class='ocrx_word' id='word_1_9' title='bbox 1043 496 1121 540; x_wconf 87' lang='lat' dir='ltr'><strong>oran·</strong></span> 
     </span>
     <span class='ocr_line' id='line_1_3' title="bbox 224 582 1122 667; baseline -0.007 -19"><span class='ocrx_word' id='word_1_10' title='bbox 224 590 287 667; x_wconf 82' lang='lat' dir='ltr'><strong>tes3</strong></span> <span class='ocrx_word' id='word_1_11' title='bbox 303 607 378 650; x_wconf 88' lang='lat' dir='ltr'><strong>nam</strong></span> <span class='ocrx_word' id='word_1_12' title='bbox 394 584 538 650; x_wconf 79' lang='lat' dir='ltr'><strong>discessu</strong></span> <span class='ocrx_word' id='word_1_13' title='bbox 552 582 773 647; x_wconf 85' lang='lat' dir='ltr'><strong>Romanorum</strong></span> <span class='ocrx_word' id='word_1_14' title='bbox 788 583 881 647; x_wconf 82' lang='lat' dir='ltr'><strong>vacui</strong></span> <span class='ocrx_word' id='word_1_15' title='bbox 897 587 1032 646; x_wconf 84' lang='lat' dir='ltr'><strong>externo</strong></span> <span class='ocrx_word' id='word_1_16' title='bbox 1047 583 1122 644; x_wconf 89' lang='lat' dir='ltr'><strong>metu</strong></span> 
     </span>
     <span class='ocr_line' id='line_1_4' title="bbox 225 687 1125 774; baseline -0.004 -20"><span class='ocrx_word' id='word_1_17' title='bbox 225 690 331 774; x_wconf 88' lang='lat' dir='ltr'><strong>gentis</strong></span> <span class='ocrx_word' id='word_1_18' title='bbox 343 690 556 755; x_wconf 83' lang='lat' dir='ltr'><strong>adsuetudine</strong></span> <span class='ocrx_word' id='word_1_19' title='bbox 569 696 602 754; x_wconf 90' lang='lat' dir='ltr'><strong>et</strong></span> <span class='ocrx_word' id='word_1_20' title='bbox 614 694 684 753; x_wconf 91' lang='lat' dir='ltr'><strong>tum</strong></span> <span class='ocrx_word' id='word_1_21' title='bbox 695 688 909 753; x_wconf 79' lang='lat' dir='ltr'><strong>aemulatione</strong></span> <span class='ocrx_word' id='word_1_22' title='bbox 919 687 1041 772; x_wconf 89' lang='lat' dir='ltr'><strong>gloriae</strong></span> <span class='ocrx_word' id='word_1_23' title='bbox 1050 705 1125 750; x_wconf 83' lang='lat' dir='ltr'><strong>arma</strong></span> 
     </span>
     <span class='ocr_line' id='line_1_5' title="bbox 224 792 1126 878; baseline 0 -22"><span class='ocrx_word' id='word_1_24' title='bbox 224 794 259 857; x_wconf 85' lang='lat' dir='ltr'><strong>in</strong></span> <span class='ocrx_word' id='word_1_25' title='bbox 287 815 321 858; x_wconf 86' lang='lat' dir='ltr'><strong>se</strong></span> <span class='ocrx_word' id='word_1_26' title='bbox 345 799 518 858; x_wconf 89' lang='lat' dir='ltr'><strong>verterant.</strong></span> <span class='ocrx_word' id='word_1_27' title='bbox 563 792 612 857; x_wconf 87' lang='lat' dir='ltr'><strong>vis</strong></span> <span class='ocrx_word' id='word_1_28' title='bbox 634 793 815 878; x_wconf 89' lang='lat' dir='ltr'><strong>nationum,</strong></span> <span class='ocrx_word' id='word_1_29' title='bbox 844 793 945 859; x_wconf 82' lang='lat' dir='ltr'><strong>virtus</strong></span> <span class='ocrx_word' id='word_1_30' title='bbox 969 792 1126 860; x_wconf 88' lang='lat' dir='ltr'><strong>dnoumin</strong></span> 
     </span>
     <span class='ocr_line' id='line_1_6' title="bbox 190 895 1127 983; baseline -0.002 -21"><span class='ocrx_word' id='word_1_31' title='bbox 190 913 345 982; x_wconf 65' lang='lat' dir='ltr'><strong>1⁰*aequ03</strong></span> <span class='ocrx_word' id='word_1_32' title='bbox 361 903 411 962; x_wconf 90' lang='lat' dir='ltr'><strong>set</strong></span> <span class='ocrx_word' id='word_1_33' title='bbox 423 896 661 963; x_wconf 86' lang='lat' dir='ltr'><strong>Maroboduum</strong></span> <span class='ocrx_word' id='word_1_34' title='bbox 672 898 759 982; x_wconf 88' lang='lat' dir='ltr'><strong>regis</strong></span> <span class='ocrx_word' id='word_1_35' title='bbox 772 919 890 963; x_wconf 89' lang='lat' dir='ltr'><strong>nomen</strong></span> <span class='ocrx_word' id='word_1_36' title='bbox 904 898 1040 963; x_wconf 86' lang='lat' dir='ltr'><strong>invisum</strong></span> <span class='ocrx_word' id='word_1_37' title='bbox 1052 895 1127 983; x_wconf 91' lang='lat' dir='ltr'><strong>apud</strong></span> 
     </span>
     <span class='ocr_line' id='line_1_7' title="bbox 225 1001 1128 1088; baseline -0.001 -22"><span class='ocrx_word' id='word_1_38' title='bbox 225 1003 408 1088; x_wconf 84' lang='lat' dir='ltr'><strong>populares,</strong></span> <span class='ocrx_word' id='word_1_39' title='bbox 426 1001 607 1067; x_wconf 84' lang='lat' dir='ltr'><strong>Arminium</strong></span> <span class='ocrx_word' id='word_1_40' title='bbox 622 1024 679 1088; x_wconf 92' lang='lat' dir='ltr'><strong>pro</strong></span> <span class='ocrx_word' id='word_1_41' title='bbox 697 1003 846 1069; x_wconf 89' lang='lat' dir='ltr'><strong>libertate</strong></span> <span class='ocrx_word' id='word_1_42' title='bbox 861 1003 1036 1068; x_wconf 80' lang='lat' dir='ltr'><strong>bellantem</strong></span> <span class='ocrx_word' id='word_1_43' title='bbox 1048 1004 1128 1068; x_wconf 80' lang='lat' dir='ltr'><strong>lavor</strong></span> 
     </span>
     <span class='ocr_line' id='line_1_8' title="bbox 225 1106 934 1197; baseline 0.006 -27"><span class='ocrx_word' id='word_1_44' title='bbox 225 1106 375 1171; x_wconf 86' lang='lat' dir='ltr'><strong>habebat.</strong></span> <span class='ocrx_word' id='word_1_45' title='bbox 931 1191 934 1197; x_wconf 23' lang='grc' dir='ltr'>Ι</span> 
     </span>
     <span class='ocr_line' id='line_1_9' title="bbox 246 1211 1129 1298; baseline 0 -24"><span class='ocrx_word' id='word_1_46' title='bbox 246 1236 250 1242; x_wconf 91' lang='lat'><em>·</em></span> <span class='ocrx_word' id='word_1_47' title='bbox 291 1213 350 1274; x_wconf 48' lang='lat' dir='ltr'><strong>db.¹</strong></span> <span class='ocrx_word' id='word_1_48' title='bbox 366 1211 470 1295; x_wconf 81' lang='lat' dir='ltr'><strong>Igitur</strong></span> <span class='ocrx_word' id='word_1_49' title='bbox 492 1234 558 1277; x_wconf 91' lang='lat' dir='ltr'><strong>non</strong></span> <span class='ocrx_word' id='word_1_50' title='bbox 572 1213 670 1279; x_wconf 90' lang='lat' dir='ltr'><strong>modo</strong></span> <span class='ocrx_word' id='word_1_51' title='bbox 689 1213 844 1278; x_wconf 78' lang='lat' dir='ltr'><strong>Cherusci</strong></span> <span class='ocrx_word' id='word_1_52' title='bbox 859 1213 1002 1298; x_wconf 87' lang='lat' dir='ltr'><strong>sociique</strong></span> <span class='ocrx_word' id='word_1_53' title='bbox 1019 1232 1129 1291; x_wconf 88' lang='lat' dir='ltr'><strong>eorum,</strong></span> 
     </span>
     <span class='ocr_line' id='line_1_10' title="bbox 204 1315 1129 1403; baseline -0.004 -21"><span class='ocrx_word' id='word_1_54' title='bbox 204 1324 319 1382; x_wconf 63' lang='lat' dir='ltr'><strong>avolus</strong></span> <span class='ocrx_word' id='word_1_55' title='bbox 347 1315 492 1383; x_wconf 88' lang='lat' dir='ltr'><strong>Armi-nii·</strong></span> <span class='ocrx_word' id='word_1_56' title='bbox 520 1318 628 1402; x_wconf 87' lang='lat' dir='ltr'><strong>miles,</strong></span> <span class='ocrx_word' id='word_1_57' title='bbox 667 1338 832 1403; x_wconf 88' lang='lat' dir='ltr'><strong>sumpsero</strong></span> <span class='ocrx_word' id='word_1_58' title='bbox 860 1317 997 1401; x_wconf 88' lang='lat' dir='ltr'><strong>bellum,</strong></span> <span class='ocrx_word' id='word_1_59' title='bbox 1034 1316 1089 1382; x_wconf 89' lang='lat' dir='ltr'><strong>sed</strong></span> <span class='ocrx_word' id='word_1_60' title='bbox 1115 1336 1129 1378; x_wconf 90' lang='lat' dir='ltr'><strong>e</strong></span> 
     </span>
     <span class='ocr_line' id='line_1_11' title="bbox 225 1421 1131 1507; baseline -0.003 -23"><span class='ocrx_word' id='word_1_61' title='bbox 225 1442 325 1506; x_wconf 90' lang='lat' dir='ltr'><strong>regno</strong></span> <span class='ocrx_word' id='word_1_62' title='bbox 351 1423 447 1486; x_wconf 87' lang='lat' dir='ltr'><strong>etiam</strong></span> <span class='ocrx_word' id='word_1_63' title='bbox 462 1422 655 1488; x_wconf 86' lang='lat' dir='ltr'><strong>Marobodui</strong></span> <span class='ocrx_word' id='word_1_64' title='bbox 670 1423 797 1487; x_wconf 82' lang='lat' dir='ltr'><strong>Suebae</strong></span> <span class='ocrx_word' id='word_1_65' title='bbox 813 1427 938 1507; x_wconf 90' lang='lat' dir='ltr'><strong>gentes,</strong></span> <span class='ocrx_word' id='word_1_66' title='bbox 961 1421 1131 1486; x_wconf 79' lang='lat' dir='ltr'><strong>Semnones</strong></span> 
     </span>
     <span class='ocr_line' id='line_1_12' title="bbox 204 1519 1131 1618; baseline -0.003 -29"><span class='ocrx_word' id='word_1_67' title='bbox 204 1537 211 1618; x_wconf 25' lang='grc' dir='ltr'>Ἰ</span> <span class='ocrx_word' id='word_1_68' title='bbox 226 1547 263 1590; x_wconf 85' lang='lat' dir='ltr'><strong>ae</strong></span> <span class='ocrx_word' id='word_1_69' title='bbox 284 1519 501 1611; x_wconf 85' lang='lat' dir='ltr'><strong>Langobardi,</strong></span> <span class='ocrx_word' id='word_1_70' title='bbox 526 1525 674 1592; x_wconf 82' lang='lat' dir='ltr'><strong>defecere</strong></span> <span class='ocrx_word' id='word_1_71' title='bbox 698 1526 846 1590; x_wconf 88' lang='lat' dir='ltr'><strong>adeum.</strong></span> <span class='ocrx_word' id='word_1_72' title='bbox 886 1525 1000 1610; x_wconf 91' lang='lat' dir='ltr'><strong>quibus</strong></span> <span class='ocrx_word' id='word_1_73' title='bbox 1023 1524 1131 1591; x_wconf 88' lang='lat' dir='ltr'><strong>additis</strong></span> 
     </span>
     <span class='ocr_line' id='line_1_13' title="bbox 204 1629 1132 1716; baseline 0.002 -26"><span class='ocrx_word' id='word_1_74' title='bbox 204 1630 458 1716; x_wconf 81' lang='lat' dir='ltr'><strong>spraepollebat,</strong></span> <span class='ocrx_word' id='word_1_75' title='bbox 480 1631 514 1694; x_wconf 92' lang='lat' dir='ltr'><strong>ni</strong></span> <span class='ocrx_word' id='word_1_76' title='bbox 529 1630 754 1715; x_wconf 87' lang='lat' dir='ltr'><strong>Inguiomerus</strong></span> <span class='ocrx_word' id='word_1_77' title='bbox 776 1651 848 1694; x_wconf 90' lang='lat' dir='ltr'><strong>eum</strong></span> <span class='ocrx_word' id='word_1_78' title='bbox 863 1651 959 1694; x_wconf 90' lang='lat' dir='ltr'><strong>manu</strong></span> <span class='ocrx_word' id='word_1_79' title='bbox 976 1629 1132 1694; x_wconf 78' lang='lat' dir='ltr'><strong>clientium</strong></span> 
     </span>
     <span class='ocr_line' id='line_1_14' title="bbox 226 1734 1132 1819; baseline -0.004 -19"><span class='ocrx_word' id='word_1_80' title='bbox 226 1735 268 1800; x_wconf 92' lang='lat' dir='ltr'><strong>ad</strong></span> <span class='ocrx_word' id='word_1_81' title='bbox 283 1734 520 1800; x_wconf 87' lang='lat' dir='ltr'><strong>Maroboduum</strong></span> <span class='ocrx_word' id='word_1_82' title='bbox 535 1735 738 1819; x_wconf 83' lang='lat' dir='ltr'><strong>perfugisset,</strong></span> <span class='ocrx_word' id='word_1_83' title='bbox 762 1755 828 1799; x_wconf 91' lang='lat' dir='ltr'><strong>non</strong></span> <span class='ocrx_word' id='word_1_84' title='bbox 843 1735 939 1799; x_wconf 88' lang='lat' dir='ltr'><strong>aliam</strong></span> <span class='ocrx_word' id='word_1_85' title='bbox 955 1735 997 1799; x_wconf 92' lang='lat' dir='ltr'><strong>ob</strong></span> <span class='ocrx_word' id='word_1_86' title='bbox 1014 1753 1132 1799; x_wconf 86' lang='lat' dir='ltr'><strong>oausam</strong></span> 
     </span>
     <span class='ocr_line' id='line_1_15' title="bbox 225 1839 1132 1926; baseline -0.002 -23"><span class='ocrx_word' id='word_1_87' title='bbox 225 1861 321 1925; x_wconf 89' lang='lat' dir='ltr'><strong>quam</strong></span> <span class='ocrx_word' id='word_1_88' title='bbox 344 1841 418 1926; x_wconf 87' lang='lat' dir='ltr'><strong>quia</strong></span> <span class='ocrx_word' id='word_1_89' title='bbox 433 1841 538 1906; x_wconf 87' lang='lat' dir='ltr'><strong>fratris</strong></span> <span class='ocrx_word' id='word_1_90' title='bbox 553 1840 618 1904; x_wconf 91' lang='lat' dir='ltr'><strong>filio</strong></span> <span class='ocrx_word' id='word_1_91' title='bbox 636 1839 745 1904; x_wconf 87' lang='lat' dir='ltr'><strong>iuveni</strong></span> <span class='ocrx_word' id='word_1_92' title='bbox 760 1845 894 1924; x_wconf 86' lang='lat' dir='ltr'><strong>patruus</strong></span> <span class='ocrx_word' id='word_1_93' title='bbox 909 1859 1012 1905; x_wconf 84' lang='lat' dir='ltr'><strong>senex</strong></span> <span class='ocrx_word' id='word_1_94' title='bbox 1027 1857 1132 1924; x_wconf 87' lang='lat' dir='ltr'><strong>parere</strong></span> 
     </span>
     <span class='ocr_line' id='line_1_16' title="bbox 227 1943 1133 2029; baseline -0.003 -22"><span class='ocrx_word' id='word_1_95' title='bbox 227 1943 471 2028; x_wconf 86' lang='lat' dir='ltr'><strong>dedignabatur.</strong></span> <span class='ocrx_word' id='word_1_96' title='bbox 504 1945 695 2028; x_wconf 85' lang='lat' dir='ltr'><strong>deriguntur</strong></span> <span class='ocrx_word' id='word_1_97' title='bbox 710 1944 806 2024; x_wconf 83' lang='lat' dir='ltr'><strong>aries,</strong></span> <span class='ocrx_word' id='word_1_98' title='bbox 822 1943 891 2028; x_wconf 92' lang='lat' dir='ltr'><strong>pari</strong></span> <span class='ocrx_word' id='word_1_99' title='bbox 906 1943 1068 2029; x_wconf 86' lang='lat' dir='ltr'><strong>utrimque</strong></span> <span class='ocrx_word' id='word_1_100' title='bbox 1083 1961 1133 2027; x_wconf 92' lang='lat' dir='ltr'><strong>spe</strong></span> 
     </span>
     <span class='ocr_line' id='line_1_17' title="bbox 222 2047 1133 2135; baseline -0.007 -23"><span class='ocrx_word' id='word_1_101' title='bbox 222 2053 295 2131; x_wconf 88' lang='lat' dir='ltr'><strong>nee,</strong></span> <span class='ocrx_word' id='word_1_102' title='bbox 319 2055 353 2113; x_wconf 92' lang='lat' dir='ltr'><strong>ut</strong></span> <span class='ocrx_word' id='word_1_103' title='bbox 375 2049 453 2115; x_wconf 92' lang='lat' dir='ltr'><strong>olim</strong></span> <span class='ocrx_word' id='word_1_104' title='bbox 468 2049 555 2135; x_wconf 90' lang='lat' dir='ltr'><strong>apud</strong></span> <span class='ocrx_word' id='word_1_105' title='bbox 572 2047 763 2131; x_wconf 83' lang='lat' dir='ltr'><strong>Germanos,</strong></span> <span class='ocrx_word' id='word_1_106' title='bbox 785 2048 875 2132; x_wconf 87' lang='lat' dir='ltr'><strong>vagis</strong></span> <span class='ocrx_word' id='word_1_107' title='bbox 891 2047 1072 2113; x_wconf 79' lang='lat' dir='ltr'><strong>incursibus</strong></span> <span class='ocrx_word' id='word_1_108' title='bbox 1087 2051 1133 2110; x_wconf 89' lang='lat' dir='ltr'><strong>aut</strong></span> 
     </span>
     <span class='ocr_line' id='line_1_18' title="bbox 193 2150 1134 2238; baseline -0.003 -22"><span class='ocrx_word' id='word_1_109' title='bbox 193 2170 217 2209; x_wconf 88' lang='lat'><strong>1⁰</strong></span> <span class='ocrx_word' id='word_1_110' title='bbox 227 2151 374 2218; x_wconf 81' lang='lat' dir='ltr'><strong>disiectas</strong></span> <span class='ocrx_word' id='word_1_111' title='bbox 390 2173 448 2237; x_wconf 90' lang='lat' dir='ltr'><strong>per</strong></span> <span class='ocrx_word' id='word_1_112' title='bbox 465 2160 624 2217; x_wconf 87' lang='lat' dir='ltr'><strong>catervas:</strong></span> <span class='ocrx_word' id='word_1_113' title='bbox 649 2153 768 2238; x_wconf 87' lang='lat' dir='ltr'><strong>quippo</strong></span> <span class='ocrx_word' id='word_1_114' title='bbox 782 2152 881 2236; x_wconf 86' lang='lat' dir='ltr'><strong>longe</strong></span> <span class='ocrx_word' id='word_1_115' title='bbox 895 2150 1068 2215; x_wconf 89' lang='lat' dir='ltr'><strong>adversum</strong></span> <span class='ocrx_word' id='word_1_116' title='bbox 1083 2169 1134 2215; x_wconf 88' lang='lat' dir='ltr'><strong>nos</strong></span> 
     </span>
     <span class='ocr_line' id='line_1_19' title="bbox 224 2253 1133 2344; baseline -0.004 -24"><span class='ocrx_word' id='word_1_117' title='bbox 224 2257 337 2321; x_wconf 89' lang='lat' dir='ltr'><strong>militia</strong></span> <span class='ocrx_word' id='word_1_118' title='bbox 362 2258 682 2342; x_wconf 83' lang='lat' dir='ltr'><strong>insueverantsequi</strong></span> <span class='ocrx_word' id='word_1_119' title='bbox 705 2256 811 2344; x_wconf 88' lang='lat' dir='ltr'><strong>signa,</strong></span> <span class='ocrx_word' id='word_1_120' title='bbox 842 2254 992 2320; x_wconf 86' lang='lat' dir='ltr'><strong>subsidiis</strong></span> <span class='ocrx_word' id='word_1_121' title='bbox 1014 2253 1133 2334; x_wconf 87' lang='lat' dir='ltr'><strong>firmari,</strong></span> 
     </span>
    </p>
   </div>
   <div class='ocr_carea' id='block_1_3' title="bbox 191 2356 1134 2863">
    <p class='ocr_par' dir='ltr' id='par_1_3' title="bbox 191 2356 1134 2863">
     <span class='ocr_line' id='line_1_20' title="bbox 226 2356 1133 2447; baseline -0.004 -23"><span class='ocrx_word' id='word_1_122' title='bbox 226 2361 312 2426; x_wconf 88' lang='lat' dir='ltr'><strong>dieta</strong></span> <span class='ocrx_word' id='word_1_123' title='bbox 340 2363 570 2447; x_wconf 86' lang='lat' dir='ltr'><strong>imperatorum</strong></span> <span class='ocrx_word' id='word_1_124' title='bbox 601 2362 756 2447; x_wconf 85' lang='lat' dir='ltr'><strong>aeeipere.</strong></span> <span class='ocrx_word' id='word_1_125' title='bbox 802 2380 839 2423; x_wconf 88' lang='lat' dir='ltr'><strong>ao</strong></span> <span class='ocrx_word' id='word_1_126' title='bbox 867 2367 944 2423; x_wconf 87' lang='lat' dir='ltr'><strong>tuno</strong></span> <span class='ocrx_word' id='word_1_127' title='bbox 964 2356 1133 2434; x_wconf 83' lang='lat' dir='ltr'><strong>Arminius,</strong></span> 
     </span>
     <span class='ocr_line' id='line_1_21' title="bbox 221 2464 1133 2551; baseline -0.003 -22"><span class='ocrx_word' id='word_1_128' title='bbox 221 2485 309 2548; x_wconf 87' lang='lat' dir='ltr'><strong>equo</strong></span> <span class='ocrx_word' id='word_1_129' title='bbox 334 2465 471 2530; x_wconf 88' lang='lat' dir='ltr'><strong>lustrans</strong></span> <span class='ocrx_word' id='word_1_130' title='bbox 485 2471 529 2530; x_wconf 92' lang='lat' dir='ltr'><strong>ut</strong></span> <span class='ocrx_word' id='word_1_131' title='bbox 548 2486 691 2551; x_wconf 89' lang='lat' dir='ltr'><strong>quosque</strong></span> <span class='ocrx_word' id='word_1_132' title='bbox 708 2464 861 2530; x_wconf 78' lang='lat' dir='ltr'><strong>advectus</strong></span> <span class='ocrx_word' id='word_1_133' title='bbox 877 2469 955 2545; x_wconf 88' lang='lat' dir='ltr'><strong>erat,</strong></span> <span class='ocrx_word' id='word_1_134' title='bbox 979 2464 1133 2548; x_wconf 82' lang='lat' dir='ltr'><strong>resipere·</strong></span> 
     </span>
     <span class='ocr_line' id='line_1_22' title="bbox 226 2566 1133 2654; baseline -0.003 -22"><span class='ocrx_word' id='word_1_135' title='bbox 226 2573 291 2633; x_wconf 88' lang='lat' dir='ltr'><strong>tam</strong></span> <span class='ocrx_word' id='word_1_136' title='bbox 313 2570 508 2650; x_wconf 86' lang='lat' dir='ltr'><strong>libertatem,</strong></span> <span class='ocrx_word' id='word_1_137' title='bbox 531 2569 706 2634; x_wconf 81' lang='lat' dir='ltr'><strong>trucidatae</strong></span> <span class='ocrx_word' id='word_1_138' title='bbox 728 2569 885 2654; x_wconf 89' lang='lat' dir='ltr'><strong>legiones,</strong></span> <span class='ocrx_word' id='word_1_139' title='bbox 908 2567 1013 2652; x_wconf 87' lang='lat' dir='ltr'><strong>spolia</strong></span> <span class='ocrx_word' id='word_1_140' title='bbox 1037 2566 1133 2631; x_wconf 86' lang='lat' dir='ltr'><strong>adhue</strong></span> 
     </span>
     <span class='ocr_line' id='line_1_23' title="bbox 191 2672 1134 2758; baseline -0.003 -23"><span class='ocrx_word' id='word_1_141' title='bbox 191 2680 259 2737; x_wconf 84' lang='lat' dir='ltr'><strong>1set</strong></span> <span class='ocrx_word' id='word_1_142' title='bbox 287 2674 353 2738; x_wconf 91' lang='lat' dir='ltr'><strong>tela</strong></span> <span class='ocrx_word' id='word_1_143' title='bbox 381 2673 536 2740; x_wconf 88' lang='lat' dir='ltr'><strong>Romanis</strong></span> <span class='ocrx_word' id='word_1_144' title='bbox 567 2674 702 2758; x_wconf 88' lang='lat' dir='ltr'><strong>derepta</strong></span> <span class='ocrx_word' id='word_1_145' title='bbox 731 2673 763 2737; x_wconf 94' lang='lat' dir='ltr'><strong>in</strong></span> <span class='ocrx_word' id='word_1_146' title='bbox 792 2673 937 2736; x_wconf 87' lang='lat' dir='ltr'><strong>manibus</strong></span> <span class='ocrx_word' id='word_1_147' title='bbox 966 2672 1134 2736; x_wconf 90' lang='lat' dir='ltr'><strong>multorum</strong></span> 
     </span>
     <span class='ocr_line' id='line_1_24' title="bbox 227 2775 1133 2863; baseline -0.003 -22"><span class='ocrx_word' id='word_1_148' title='bbox 227 2777 417 2861; x_wconf 90' lang='lat' dir='ltr'><strong>ostentabat,</strong></span> <span class='ocrx_word' id='word_1_149' title='bbox 432 2778 581 2863; x_wconf 79' lang='lat' dir='ltr'><strong>fugacem</strong></span> <span class='ocrx_word' id='word_1_150' title='bbox 596 2777 835 2841; x_wconf 90' lang='lat' dir='ltr'><strong>Maroboduum</strong></span> <span class='ocrx_word' id='word_1_151' title='bbox 850 2775 1028 2860; x_wconf 87' lang='lat' dir='ltr'><strong>appellans,</strong></span> <span class='ocrx_word' id='word_1_152' title='bbox 1046 2795 1133 2861; x_wconf 89' lang='lat' dir='ltr'><strong>proe-</strong></span> 
     </span>
    </p>
   </div>
   <div class='ocr_carea' id='block_1_4' title="bbox 190 2880 1134 3588">
    <p class='ocr_par' dir='ltr' id='par_1_4' title="bbox 224 2880 1134 3176">
     <span class='ocr_line' id='line_1_25' title="bbox 225 2880 1134 2967; baseline -0.001 -23"><span class='ocrx_word' id='word_1_153' title='bbox 225 2881 342 2945; x_wconf 91' lang='lat' dir='ltr'><strong>liorum</strong></span> <span class='ocrx_word' id='word_1_154' title='bbox 365 2891 534 2966; x_wconf 84' lang='lat' dir='ltr'><strong>expertem</strong></span> <span class='ocrx_word' id='word_1_155' title='bbox 551 2882 750 2967; x_wconf 79' lang='lat' dir='ltr'><strong>(Hercyniae</strong></span> <span class='ocrx_word' id='word_1_156' title='bbox 772 2881 902 2946; x_wconf 87' lang='lat' dir='ltr'><strong>latebris</strong></span> <span class='ocrx_word' id='word_1_157' title='bbox 919 2880 1088 2945; x_wconf 84' lang='lat' dir='ltr'><strong>defensum</strong></span> <span class='ocrx_word' id='word_1_158' title='bbox 1103 2899 1134 2944; x_wconf 88' lang='lat' dir='ltr'><strong>so</strong></span> 
     </span>
     <span class='ocr_line' id='line_1_26' title="bbox 224 2981 1134 3070; baseline -0.002 -21"><span class='ocrx_word' id='word_1_159' title='bbox 224 3007 302 3050; x_wconf 85' lang='lat' dir='ltr'><strong>mox</strong></span> <span class='ocrx_word' id='word_1_160' title='bbox 333 3006 392 3070; x_wconf 90' lang='lat' dir='ltr'><strong>per</strong></span> <span class='ocrx_word' id='word_1_161' title='bbox 425 2985 510 3051; x_wconf 90' lang='lat' dir='ltr'><strong>dona</strong></span> <span class='ocrx_word' id='word_1_162' title='bbox 542 2991 575 3051; x_wconf 89' lang='lat' dir='ltr'><strong>et</strong></span> <span class='ocrx_word' id='word_1_163' title='bbox 603 2986 784 3068; x_wconf 86' lang='lat' dir='ltr'><strong>legationes</strong></span> <span class='ocrx_word' id='word_1_164' title='bbox 816 2984 969 3069; x_wconf 86' lang='lat' dir='ltr'><strong>petivisse</strong></span> <span class='ocrx_word' id='word_1_165' title='bbox 1000 2981 1134 3064; x_wconf 87' lang='lat' dir='ltr'><strong>foedus),</strong></span> 
     </span>
     <span class='ocr_line' id='line_1_27' title="bbox 226 3087 1134 3176; baseline -0.007 -22"><span class='ocrx_word' id='word_1_166' title='bbox 226 3089 425 3175; x_wconf 87' lang='lat' dir='ltr'><strong>proditorem</strong></span> <span class='ocrx_word' id='word_1_167' title='bbox 433 3091 567 3176; x_wconf 85' lang='lat' dir='ltr'><strong>patriae,</strong></span> <span class='ocrx_word' id='word_1_168' title='bbox 582 3090 754 3154; x_wconf 87' lang='lat' dir='ltr'><strong>satellitem</strong></span> <span class='ocrx_word' id='word_1_169' title='bbox 766 3087 923 3171; x_wconf 80' lang='lat' dir='ltr'><strong>Caesaris,</strong></span> <span class='ocrx_word' id='word_1_170' title='bbox 936 3089 1025 3153; x_wconf 91' lang='lat' dir='ltr'><strong>haud</strong></span> <span class='ocrx_word' id='word_1_171' title='bbox 1036 3088 1134 3152; x_wconf 88' lang='lat' dir='ltr'><strong>minus</strong></span> 
     </span>
    </p>

    <p class='ocr_par' dir='ltr' id='par_1_5' title="bbox 190 3192 1134 3588">
     <span class='ocr_line' id='line_1_28' title="bbox 190 3192 1134 3278; baseline -0.001 -21"><span class='ocrx_word' id='word_1_172' title='bbox 190 3193 357 3259; x_wconf 75' lang='lat' dir='ltr'><strong>osiniensis</strong></span> <span class='ocrx_word' id='word_1_173' title='bbox 381 3193 755 3260; x_wconf 79' lang='lat' dir='ltr'><strong>animisexturbandum</strong></span> <span class='ocrx_word' id='word_1_174' title='bbox 779 3215 874 3278; x_wconf 89' lang='lat' dir='ltr'><strong>quam</strong></span> <span class='ocrx_word' id='word_1_175' title='bbox 896 3193 1022 3258; x_wconf 85' lang='lat' dir='ltr'><strong>Varum</strong></span> <span class='ocrx_word' id='word_1_176' title='bbox 1041 3192 1134 3268; x_wconf 85' lang='lat' dir='ltr'><strong>Quin·</strong></span> 
     </span>
     <span class='ocr_line' id='line_1_29' title="bbox 222 3297 1134 3364; baseline 0 -4"><span class='ocrx_word' id='word_1_177' title='bbox 222 3298 329 3363; x_wconf 85' lang='lat' dir='ltr'><strong>tilium</strong></span> <span class='ocrx_word' id='word_1_178' title='bbox 343 3298 573 3364; x_wconf 79' lang='lat' dir='ltr'><strong>interfecerint.</strong></span> <span class='ocrx_word' id='word_1_179' title='bbox 605 3299 824 3363; x_wconf 89' lang='lat' dir='ltr'><strong>meminissent</strong></span> <span class='ocrx_word' id='word_1_180' title='bbox 839 3297 952 3362; x_wconf 88' lang='lat' dir='ltr'><strong>modo:</strong></span> <span class='ocrx_word' id='word_1_181' title='bbox 972 3301 1042 3364; x_wconf 86' lang='lat' dir='ltr'><strong>toto</strong></span> <span class='ocrx_word' id='word_1_182' title='bbox 1058 3305 1134 3363; x_wconf 88' lang='lat' dir='ltr'><strong>tem·</strong></span> 
     </span>
     <span class='ocr_line' id='line_1_30' title="bbox 227 3401 1134 3487; baseline 0 -23"><span class='ocrx_word' id='word_1_183' title='bbox 227 3421 307 3483; x_wconf 90' lang='lat' dir='ltr'><strong>pore</strong></span> <span class='ocrx_word' id='word_1_184' title='bbox 331 3409 364 3466; x_wconf 90' lang='lat' dir='ltr'><strong>et</strong></span> <span class='ocrx_word' id='word_1_185' title='bbox 387 3403 429 3466; x_wconf 91' lang='lat' dir='ltr'><strong>ad</strong></span> <span class='ocrx_word' id='word_1_186' title='bbox 451 3409 651 3487; x_wconf 88' lang='lat' dir='ltr'><strong>postremum</strong></span> <span class='ocrx_word' id='word_1_187' title='bbox 674 3402 786 3467; x_wconf 87' lang='lat' dir='ltr'><strong>eieetis</strong></span> <span class='ocrx_word' id='word_1_188' title='bbox 800 3401 957 3466; x_wconf 88' lang='lat' dir='ltr'><strong>Romanis</strong></span> <span class='ocrx_word' id='word_1_189' title='bbox 973 3402 1049 3466; x_wconf 90' lang='lat' dir='ltr'><strong>satis</strong></span> <span class='ocrx_word' id='word_1_190' title='bbox 1065 3421 1134 3485; x_wconf 90' lang='lat' dir='ltr'><strong>pro-</strong></span> 
     </span>
     <span class='ocr_line' id='line_1_31' title="bbox 229 3502 952 3588; baseline 0.007 -23"><span class='ocrx_word' id='word_1_191' title='bbox 229 3502 339 3566; x_wconf 88' lang='lat' dir='ltr'><strong>batum</strong></span> <span class='ocrx_word' id='word_1_192' title='bbox 362 3525 464 3588; x_wconf 86' lang='lat' dir='ltr'><strong>penes</strong></span> <span class='ocrx_word' id='word_1_193' title='bbox 488 3512 580 3570; x_wconf 89' lang='lat' dir='ltr'><strong>utros</strong></span> <span class='ocrx_word' id='word_1_194' title='bbox 602 3526 724 3570; x_wconf 86' lang='lat' dir='ltr'><strong>summa</strong></span> <span class='ocrx_word' id='word_1_195' title='bbox 747 3506 825 3571; x_wconf 91' lang='lat' dir='ltr'><strong>belli</strong></span> <span class='ocrx_word' id='word_1_196' title='bbox 846 3507 952 3572; x_wconf 84' lang='lat' dir='ltr'><strong>fuerit.</strong></span> 
     </span>
    </p>
   </div>
   <div class='ocr_carea' id='block_1_5' title="bbox 0 0 1235 4004">
    <p class='ocr_par' dir='ltr' id='par_1_6' title="bbox 0 0 1235 4004">
     <span class='ocr_line' id='line_1_32' title="bbox 0 0 1235 4004; baseline 0 0"><span class='ocrx_word' id='word_1_197' title='bbox 0 0 1235 4004; x_wconf 95' lang='lat' dir='ltr'><strong> </strong></span> 
     </span>
    </p>
   </div>
  </div>
 </body>
</html>
