2444 4010
243 318 280 376 92
580 300 830 364 conunmruscmr

242 489 337 569 atque
360 483 451 548 illum
471 483 505 546 in
522 503 671 567 regressu
687 505 777 548 sacra
792 483 1034 550 Samothracum
1048 485 1135 550 visere

192 615 194 620 ·
240 591 397 655 nitentem
427 589 513 652 obvii
542 589 709 673 aquilones
737 587 902 675 depulere.
946 589 1044 673 igitur
1063 588 1134 652 adito

240 694 301 758 Ilio
327 712 471 778 quaeque
495 691 541 756 ibi
562 691 718 757 varietate
741 691 888 763 fortunae
912 698 945 757 et
966 694 1066 758 nostri
1086 694 1136 758 ori·

208 799 315 881 agina
338 795 539 878 veneranda,
563 796 680 880 relegit
702 795 814 860 Asiam
837 797 1032 882 adpellitque
1056 797 1138 862 Golo-

240 903 357 986 phona‚
380 905 416 964 ut
440 899 537 964 (ilarii
559 898 721 983 Apollinis
745 900 874 965 oraculo
898 907 1052 967 uteretur.
1086 922 1140 966 nou
1205 961 1206 964 ,

239 1004 358 1070 femina
376 1003 450 1086 illic,
475 1007 511 1066 ut
525 1002 612 1088 apud
627 1003 785 1088 Delphos,
810 1003 867 1070 sed
884 1005 979 1070 certis
996 1027 1013 1071 e
1029 1006 1141 1070 familiis

241 1117 273 1175 et
295 1109 397 1173 ferme
412 1108 525 1173 Mileto
549 1110 668 1174 accitus
692 1109 844 1174 sacerdos
866 1129 1036 1174 numerum
1057 1109 1140 1174 modo

241 1213 489 1279 consultantium
518 1217 551 1276 et
579 1213 709 1277 nomina
737 1210 843 1295 audit,
872 1219 941 1276 tum
966 1213 1000 1277 in
1024 1235 1143 1299 specum

207 1336 231 1374 ιο
241 1317 413 1402 degressus
435 1316 550 1380 hausta
571 1315 669 1381 fontis
692 1318 800 1382 arcani
823 1338 915 1402 aqua,
938 1318 1068 1402 ignarus
1085 1319 1142 1403 ple·

238 1443 374 1506 rumque
389 1421 569 1486 litterarum
584 1410 617 1485 et
633 1421 819 1504 carminum,
835 1420 902 1486 edit
916 1443 1073 1506 responsa
1083 1443 1143 1486 var·
1205 1487 1206 1506 ,

240 1527 327 1592 sibus
361 1527 546 1612 compositis
579 1547 675 1611 super
706 1527 802 1591 rebus
835 1547 912 1611 quas
944 1527 1015 1611 quis
1048 1533 1143 1591 menta
1205 1535 1206 1538 ’

241 1633 398 1717 concepit.
444 1636 478 1696 et
505 1631 669 1696 ferebatur
692 1630 884 1696 Germanico
911 1651 971 1715 per
993 1631 1144 1716 ambages,

239 1743 275 1801 ut
298 1757 368 1801 mos
392 1736 537 1818 oraculis,
560 1741 721 1800 maturum
745 1735 879 1800 exitium
904 1735 1069 1801 cecinisse.

304 1841 355 1905 55.
383 1839 429 1903 At
452 1839 510 1904 On.
533 1838 628 1922 Piso,
659 1859 722 1923 quo
745 1839 970 1924 properantius
995 1837 1145 1904 destinata

238 1944 406 2028 inciperet,
430 1943 594 2008 civitatem
608 1941 858 2009 Atheniensium
880 1942 1009 2006 turbido
1029 1943 1146 2008 incessu

240 2050 428 2114 exterritam
459 2049 604 2114 oratione
633 2069 729 2113 saeva
751 2048 896 2132 increpat
919 2048 1050 2132 oblique
1075 2047 1145 2112 Gar·

239 2154 401 2217 manioum
415 2154 647 2238 perstringens,
671 2151 758 2237 quod
774 2158 886 2216 contra
903 2151 1001 2216 decus
1017 2151 1147 2218 Romani

218 2257 377 2320 onominis
400 2277 466 2320 non
489 2255 706 2321 Athenienses
730 2262 779 2320 tot
802 2255 945 2320 cladibus
969 2259 1147 2337 exstinctos,

240 2361 298 2425 sed
335 2361 514 2425 conluviem
550 2361 639 2424 illam
672 2361 838 2425 nationum
873 2361 1024 2425 comitate
1059 2361 1148 2424 nimia

242 2463 409 2548 coluisset:
446 2464 506 2528 hos
544 2465 631 2528 cuim
668 2485 739 2530 esse
773 2465 969 2530 Mithridatis
1004 2466 1148 2541 adversus

240 2568 369 2650 Sullam,
393 2566 529 2634 Antonii
545 2568 698 2634 aduersus
716 2568 825 2633 divum
840 2567 1024 2653 Augustum
1040 2568 1148 2633 socios.

241 2674 337 2738 etiam
365 2679 476 2740 vetera
500 2674 698 2756 obiectabat,
729 2695 812 2758 quae
835 2675 868 2738 in
890 2673 1087 2738 Macedones
1108 2672 1148 2734 in·

206 2795 404 2863 10prospere,
427 2778 588 2843 violenter
602 2779 636 2841 in
651 2797 726 2841 suos
741 2778 904 2859 fecissent,
928 2777 1070 2842 offensus
1084 2773 1150 2841 urbi

240 2881 370 2966 propria
399 2902 527 2967 quoque
555 2882 619 2964 ira,
650 2881 723 2966 quia
750 2881 966 2966 Theophilum
997 2881 1150 2966 quendam

240 2984 328 3050 Areo
358 2985 477 3050 iudicio
506 2985 578 3050 falsi
607 2985 794 3050 damnatum
822 2987 972 3072 precibus
1003 2987 1069 3051 suis
1091 3005 1150 3050 non

241 3089 465 3155 concederent.
500 3091 588 3155 exim
611 3091 816 3176 navigatione
841 3092 939 3156 celeri
957 3107 1020 3176 per
1044 3091 1151 3176 Cyclo·

241 3194 298 3259 das
325 3201 358 3259 et
381 3195 575 3281 compendia
597 3195 694 3260 maris
716 3195 904 3281 adsequitur
927 3194 1150 3260 Germanicum

207 3299 327 3383 1⁶apud
348 3299 486 3363 insulam
508 3298 672 3382 Rhodum,
694 3299 782 3363 haud
805 3299 949 3364 nescium
973 3297 1089 3383 quibus
1107 3299 1150 3361 in·

242 3403 470 3467 sectationibus
485 3403 605 3488 petitus
618 3403 718 3468 foret:
739 3403 797 3468 sed
808 3409 899 3468 tanta
909 3401 1150 3466 mansuetudine

243 3506 369 3589 agebat,
392 3511 437 3588 ut,
461 3527 532 3570 oum
553 3511 623 3570 orta
637 3512 813 3591 tempestas
828 3511 958 3593 raperet
972 3507 1005 3569 in
1021 3507 1151 3592 abrupta
