<?xml version="1.0" encoding="UTF-8"?>
<!DOCTYPE html PUBLIC "-//W3C//DTD XHTML 1.0 Transitional//EN"
    "http://www.w3.org/TR/xhtml1/DTD/xhtml1-transitional.dtd">
<html xmlns="http://www.w3.org/1999/xhtml" xml:lang="en" lang="en">
 <head>
  <title>
</title>
<meta http-equiv="Content-Type" content="text/html;charset=utf-8" />
  <meta name='ocr-system' content='tesseract 3.04.00' />
  <meta name='ocr-capabilities' content='ocr_page ocr_carea ocr_par ocr_line ocrx_word'/>
</head>
<body>
  <div class='ocr_page' id='page_1' title='image "./annalen01tacigoog_0218.png"; bbox 0 0 2482 4014; ppageno 0'>
   <div class='ocr_carea' id='block_1_1' title="bbox 287 307 1004 366">
    <p class='ocr_par' dir='ltr' id='par_1_1' title="bbox 287 307 1004 366">
     <span class='ocr_line' id='line_1_1' title="bbox 287 307 1004 366; baseline 0.004 -14"><span class='ocrx_word' id='word_1_1' title='bbox 287 314 324 353; x_wconf 77' lang='lat' dir='ltr'>AB</span> <span class='ocrx_word' id='word_1_2' title='bbox 338 313 464 354; x_wconf 81' lang='lat' dir='ltr'>uxoassu</span> <span class='ocrx_word' id='word_1_3' title='bbox 477 314 542 354; x_wconf 85' lang='lat' dir='ltr'>n1v1</span> <span class='ocrx_word' id='word_1_4' title='bbox 555 313 682 354; x_wconf 73' lang='lat' dir='ltr'>sponsus</span> <span class='ocrx_word' id='word_1_5' title='bbox 695 313 727 352; x_wconf 88' lang='lat' dir='ltr'>1v</span> <span class='ocrx_word' id='word_1_6' title='bbox 741 313 824 352; x_wconf 84' lang='lat' dir='ltr'>os-or.</span> <span class='ocrx_word' id='word_1_7' title='bbox 947 307 1004 366; x_wconf 86' lang='lat'>205</span> 
     </span>
    </p>
   </div>
   <div class='ocr_carea' id='block_1_2' title="bbox 85 472 1077 3473">
    <p class='ocr_par' dir='ltr' id='par_1_2' title="bbox 85 472 1005 852">
     <span class='ocr_line' id='line_1_2' title="bbox 85 472 1005 557; baseline -0.002 -17"><span class='ocrx_word' id='word_1_8' title='bbox 85 474 220 554; x_wconf 88' lang='lat' dir='ltr'>Prisco,</span> <span class='ocrx_word' id='word_1_9' title='bbox 235 493 291 536; x_wconf 90' lang='lat' dir='ltr'>seu</span> <span class='ocrx_word' id='word_1_10' title='bbox 307 474 377 557; x_wconf 89' lang='lat' dir='ltr'>quis</span> <span class='ocrx_word' id='word_1_11' title='bbox 393 472 473 536; x_wconf 91' lang='lat' dir='ltr'>alius</span> <span class='ocrx_word' id='word_1_12' title='bbox 488 493 601 556; x_wconf 85' lang='lat' dir='ltr'>regum</span> <span class='ocrx_word' id='word_1_13' title='bbox 616 473 721 537; x_wconf 91' lang='lat' dir='ltr'>dedit:</span> <span class='ocrx_word' id='word_1_14' title='bbox 742 493 817 537; x_wconf 88' lang='lat' dir='ltr'>nam</span> <span class='ocrx_word' id='word_1_15' title='bbox 832 473 1005 557; x_wconf 78' lang='lat' dir='ltr'>scriptores</span> 
     </span>
     <span class='ocr_line' id='line_1_3' title="bbox 87 576 1005 663; baseline -0.002 -21"><span class='ocrx_word' id='word_1_16' title='bbox 87 578 299 642; x_wconf 86' lang='lat' dir='ltr'>dissentiunt.</span> <span class='ocrx_word' id='word_1_17' title='bbox 340 582 448 642; x_wconf 91' lang='lat' dir='ltr'>cetera</span> <span class='ocrx_word' id='word_1_18' title='bbox 470 599 535 642; x_wconf 91' lang='lat' dir='ltr'>non</span> <span class='ocrx_word' id='word_1_19' title='bbox 557 576 717 660; x_wconf 83' lang='lat' dir='ltr'>ambigua,</span> <span class='ocrx_word' id='word_1_20' title='bbox 740 597 872 660; x_wconf 85' lang='lat' dir='ltr'>magnas</span> <span class='ocrx_word' id='word_1_21' title='bbox 896 577 1005 663; x_wconf 89' lang='lat' dir='ltr'>copias</span> 
     </span>
     <span class='ocr_line' id='line_1_4' title="bbox 86 682 1005 770; baseline -0.002 -21"><span class='ocrx_word' id='word_1_22' title='bbox 86 705 152 770; x_wconf 90' lang='lat' dir='ltr'>per</span> <span class='ocrx_word' id='word_1_23' title='bbox 184 685 281 768; x_wconf 90' lang='lat' dir='ltr'>plana</span> <span class='ocrx_word' id='word_1_24' title='bbox 311 685 408 748; x_wconf 93' lang='lat' dir='ltr'>etiam</span> <span class='ocrx_word' id='word_1_25' title='bbox 438 704 476 748; x_wconf 88' lang='lat' dir='ltr'>ac</span> <span class='ocrx_word' id='word_1_26' title='bbox 504 683 574 749; x_wconf 85' lang='lat' dir='ltr'>foro</span> <span class='ocrx_word' id='word_1_27' title='bbox 598 683 779 768; x_wconf 91' lang='lat' dir='ltr'>propinqua</span> <span class='ocrx_word' id='word_1_28' title='bbox 800 682 1005 763; x_wconf 76' lang='lat' dir='ltr'>habitavisse,</span> 
     </span>
     <span class='ocr_line' id='line_1_5' title="bbox 87 786 1005 852; baseline -0.003 -1"><span class='ocrx_word' id='word_1_29' title='bbox 87 788 182 852; x_wconf 91' lang='lat' dir='ltr'>unde</span> <span class='ocrx_word' id='word_1_30' title='bbox 198 787 338 852; x_wconf 81' lang='lat' dir='ltr'>Tuscum</span> <span class='ocrx_word' id='word_1_31' title='bbox 353 788 458 852; x_wconf 88' lang='lat' dir='ltr'>vicum</span> <span class='ocrx_word' id='word_1_32' title='bbox 469 808 488 851; x_wconf 91' lang='lat' dir='ltr'>e</span> <span class='ocrx_word' id='word_1_33' title='bbox 500 787 658 852; x_wconf 86' lang='lat' dir='ltr'>vocabulo</span> <span class='ocrx_word' id='word_1_34' title='bbox 669 786 866 851; x_wconf 88' lang='lat' dir='ltr'>advenarum</span> <span class='ocrx_word' id='word_1_35' title='bbox 876 787 1005 851; x_wconf 90' lang='lat' dir='ltr'>dictum.</span> 
     </span>
    </p>

    <p class='ocr_par' dir='ltr' id='par_1_3' title="bbox 88 891 1077 2327">
     <span class='ocr_line' id='line_1_6' title="bbox 162 891 1005 977; baseline 0.002 -22"><span class='ocrx_word' id='word_1_36' title='bbox 162 894 216 956; x_wconf 85' lang='grc'>66.</span> <span class='ocrx_word' id='word_1_37' title='bbox 248 891 312 958; x_wconf 84' lang='lat' dir='ltr'>Sed</span> <span class='ocrx_word' id='word_1_38' title='bbox 335 897 371 956; x_wconf 94' lang='lat' dir='ltr'>ut</span> <span class='ocrx_word' id='word_1_39' title='bbox 393 891 499 956; x_wconf 89' lang='lat' dir='ltr'>studia</span> <span class='ocrx_word' id='word_1_40' title='bbox 520 912 690 976; x_wconf 89' lang='lat' dir='ltr'>procerum</span> <span class='ocrx_word' id='word_1_41' title='bbox 713 900 747 957; x_wconf 90' lang='lat' dir='ltr'>et</span> <span class='ocrx_word' id='word_1_42' title='bbox 768 892 895 976; x_wconf 77' lang='lat' dir='ltr'>largitio</span> <span class='ocrx_word' id='word_1_43' title='bbox 918 893 1005 977; x_wconf 91' lang='lat' dir='ltr'>prin-</span> 
     </span>
     <span class='ocr_line' id='line_1_7' title="bbox 88 995 1006 1080; baseline 0.003 -22"><span class='ocrx_word' id='word_1_44' title='bbox 88 997 177 1080; x_wconf 80' lang='lat' dir='ltr'>cipis</span> <span class='ocrx_word' id='word_1_45' title='bbox 202 995 371 1060; x_wconf 80' lang='lat' dir='ltr'>adversum</span> <span class='ocrx_word' id='word_1_46' title='bbox 398 1016 492 1059; x_wconf 89' lang='lat' dir='ltr'>casus</span> <span class='ocrx_word' id='word_1_47' title='bbox 523 996 679 1060; x_wconf 91' lang='lat' dir='ltr'>solacium</span> <span class='ocrx_word' id='word_1_48' title='bbox 701 996 859 1079; x_wconf 89' lang='lat' dir='ltr'>tulerant,</span> <span class='ocrx_word' id='word_1_49' title='bbox 888 997 933 1060; x_wconf 90' lang='lat' dir='ltr'>ita</span> <span class='ocrx_word' id='word_1_50' title='bbox 955 1018 1006 1062; x_wconf 91' lang='lat' dir='ltr'>ac·</span> 
     </span>
     <span class='ocr_line' id='line_1_8' title="bbox 88 1098 1005 1166; baseline 0.004 -4"><span class='ocrx_word' id='word_1_51' title='bbox 88 1102 282 1164; x_wconf 87' lang='lat' dir='ltr'>cusatorum</span> <span class='ocrx_word' id='word_1_52' title='bbox 297 1098 399 1164; x_wconf 88' lang='lat' dir='ltr'>maior</span> <span class='ocrx_word' id='word_1_53' title='bbox 417 1098 451 1162; x_wconf 87' lang='lat' dir='ltr'>in</span> <span class='ocrx_word' id='word_1_54' title='bbox 466 1098 536 1162; x_wconf 91' lang='lat' dir='ltr'>dics</span> <span class='ocrx_word' id='word_1_55' title='bbox 552 1106 585 1163; x_wconf 93' lang='lat' dir='ltr'>et</span> <span class='ocrx_word' id='word_1_56' title='bbox 600 1099 747 1164; x_wconf 81' lang='lat' dir='ltr'>infestior</span> <span class='ocrx_word' id='word_1_57' title='bbox 761 1100 809 1164; x_wconf 84' lang='lat' dir='ltr'>vis</span> <span class='ocrx_word' id='word_1_58' title='bbox 826 1101 894 1164; x_wconf 91' lang='lat' dir='ltr'>sine</span> <span class='ocrx_word' id='word_1_59' title='bbox 917 1100 1005 1166; x_wconf 88' lang='lat' dir='ltr'>leva·</span> 
     </span>
     <span class='ocr_line' id='line_1_9' title="bbox 88 1202 1005 1287; baseline 0.004 -21"><span class='ocrx_word' id='word_1_60' title='bbox 88 1208 208 1268; x_wconf 89' lang='lat' dir='ltr'>mento</span> <span class='ocrx_word' id='word_1_61' title='bbox 231 1203 450 1286; x_wconf 73' lang='lat' dir='ltr'>grassabatur,</span> <span class='ocrx_word' id='word_1_62' title='bbox 477 1202 737 1287; x_wconf 82' lang='lat' dir='ltr'>corripueratque</span> <span class='ocrx_word' id='word_1_63' title='bbox 760 1202 883 1268; x_wconf 87' lang='lat' dir='ltr'>Varum</span> <span class='ocrx_word' id='word_1_64' title='bbox 906 1203 1005 1279; x_wconf 86' lang='lat' dir='ltr'>Quin-</span> 
     </span>
     <span class='ocr_line' id='line_1_10' title="bbox 89 1304 1029 1392; baseline 0.004 -24"><span class='ocrx_word' id='word_1_65' title='bbox 89 1305 212 1386; x_wconf 90' lang='lat' dir='ltr'>tilium,</span> <span class='ocrx_word' id='word_1_66' title='bbox 235 1304 369 1370; x_wconf 85' lang='lat' dir='ltr'>divitem</span> <span class='ocrx_word' id='word_1_67' title='bbox 393 1311 425 1371; x_wconf 91' lang='lat' dir='ltr'>et</span> <span class='ocrx_word' id='word_1_68' title='bbox 444 1305 583 1378; x_wconf 79' lang='lat' dir='ltr'>Caesari</span> <span class='ocrx_word' id='word_1_69' title='bbox 598 1306 823 1392; x_wconf 86' lang='lat' dir='ltr'>propinquum,</span> <span class='ocrx_word' id='word_1_70' title='bbox 845 1307 1029 1372; x_wconf 67' lang='lat' dir='ltr'>Domitiust5</span> 
     </span>
     <span class='ocr_line' id='line_1_11' title="bbox 90 1409 1007 1494; baseline 0.001 -19"><span class='ocrx_word' id='word_1_71' title='bbox 90 1410 187 1492; x_wconf 83' lang='lat' dir='ltr'>Afer,</span> <span class='ocrx_word' id='word_1_72' title='bbox 213 1410 365 1476; x_wconf 80' lang='lat' dir='ltr'>Claudiae</span> <span class='ocrx_word' id='word_1_73' title='bbox 381 1409 541 1476; x_wconf 89' lang='lat' dir='ltr'>Pulchrae</span> <span class='ocrx_word' id='word_1_74' title='bbox 556 1411 666 1475; x_wconf 91' lang='lat' dir='ltr'>matris</span> <span class='ocrx_word' id='word_1_75' title='bbox 683 1413 751 1476; x_wconf 90' lang='lat' dir='ltr'>eins</span> <span class='ocrx_word' id='word_1_76' title='bbox 768 1411 1007 1494; x_wconf 89' lang='lat' dir='ltr'>condemnator,</span> 
     </span>
     <span class='ocr_line' id='line_1_12' title="bbox 90 1514 1008 1600; baseline 0 -20"><span class='ocrx_word' id='word_1_77' title='bbox 90 1515 185 1580; x_wconf 91' lang='lat' dir='ltr'>nullo</span> <span class='ocrx_word' id='word_1_78' title='bbox 216 1514 352 1579; x_wconf 87' lang='lat' dir='ltr'>mirante</span> <span class='ocrx_word' id='word_1_79' title='bbox 385 1514 471 1599; x_wconf 88' lang='lat' dir='ltr'>quod</span> <span class='ocrx_word' id='word_1_80' title='bbox 503 1515 558 1580; x_wconf 93' lang='lat' dir='ltr'>diu</span> <span class='ocrx_word' id='word_1_81' title='bbox 589 1535 690 1599; x_wconf 85' lang='lat' dir='ltr'>egens</span> <span class='ocrx_word' id='word_1_82' title='bbox 721 1523 754 1580; x_wconf 92' lang='lat' dir='ltr'>et</span> <span class='ocrx_word' id='word_1_83' title='bbox 782 1523 875 1598; x_wconf 89' lang='lat' dir='ltr'>parto</span> <span class='ocrx_word' id='word_1_84' title='bbox 905 1536 1008 1600; x_wconf 89' lang='lat' dir='ltr'>nuper</span> 
     </span>
     <span class='ocr_line' id='line_1_13' title="bbox 91 1617 1006 1704; baseline 0.002 -24"><span class='ocrx_word' id='word_1_85' title='bbox 91 1617 241 1702; x_wconf 90' lang='lat' dir='ltr'>praemio</span> <span class='ocrx_word' id='word_1_86' title='bbox 265 1618 349 1682; x_wconf 89' lang='lat' dir='ltr'>male</span> <span class='ocrx_word' id='word_1_87' title='bbox 371 1639 447 1683; x_wconf 87' lang='lat' dir='ltr'>usus</span> <span class='ocrx_word' id='word_1_88' title='bbox 470 1619 563 1703; x_wconf 89' lang='lat' dir='ltr'>plura</span> <span class='ocrx_word' id='word_1_89' title='bbox 585 1618 627 1682; x_wconf 92' lang='lat' dir='ltr'>ad</span> <span class='ocrx_word' id='word_1_90' title='bbox 641 1619 762 1701; x_wconf 86' lang='lat' dir='ltr'>flagitia</span> <span class='ocrx_word' id='word_1_91' title='bbox 776 1619 1006 1704; x_wconf 83' lang='lat' dir='ltr'>accingeretur.</span> 
     </span>
     <span class='ocr_line' id='line_1_14' title="bbox 91 1721 1077 1804; baseline -0.003 -16"><span class='ocrx_word' id='word_1_92' title='bbox 91 1724 130 1788; x_wconf 90' lang='lat' dir='ltr'>P.</span> <span class='ocrx_word' id='word_1_93' title='bbox 145 1722 352 1787; x_wconf 91' lang='lat' dir='ltr'>Dolabellam</span> <span class='ocrx_word' id='word_1_94' title='bbox 361 1722 484 1786; x_wconf 87' lang='lat' dir='ltr'>socium</span> <span class='ocrx_word' id='word_1_95' title='bbox 498 1722 668 1786; x_wconf 88' lang='lat' dir='ltr'>delationis</span> <span class='ocrx_word' id='word_1_96' title='bbox 680 1721 827 1786; x_wconf 79' lang='lat' dir='ltr'>extitisse</span> <span class='ocrx_word' id='word_1_97' title='bbox 843 1722 1007 1804; x_wconf 90' lang='lat' dir='ltr'>miraculo,</span> <span class='ocrx_word' id='word_1_98' title='bbox 1074 1755 1077 1761; x_wconf 92' lang='lat'>·</span> 
     </span>
     <span class='ocr_line' id='line_1_15' title="bbox 92 1826 1042 1912; baseline -0.003 -23"><span class='ocrx_word' id='word_1_99' title='bbox 92 1826 172 1912; x_wconf 92' lang='lat' dir='ltr'>quia</span> <span class='ocrx_word' id='word_1_100' title='bbox 193 1827 285 1890; x_wconf 86' lang='lat' dir='ltr'>claris</span> <span class='ocrx_word' id='word_1_101' title='bbox 307 1826 483 1891; x_wconf 88' lang='lat' dir='ltr'>maioribus</span> <span class='ocrx_word' id='word_1_102' title='bbox 506 1832 539 1891; x_wconf 91' lang='lat' dir='ltr'>et</span> <span class='ocrx_word' id='word_1_103' title='bbox 553 1827 642 1891; x_wconf 90' lang='lat' dir='ltr'>Varo</span> <span class='ocrx_word' id='word_1_104' title='bbox 659 1847 804 1891; x_wconf 82' lang='lat' dir='ltr'>conexus</span> <span class='ocrx_word' id='word_1_105' title='bbox 826 1847 917 1890; x_wconf 91' lang='lat' dir='ltr'>suam</span> <span class='ocrx_word' id='word_1_106' title='bbox 938 1827 1007 1911; x_wconf 91' lang='lat' dir='ltr'>ipse</span> <span class='ocrx_word' id='word_1_107' title='bbox 1019 1851 1042 1887; x_wconf 76' lang='grc' dir='ltr'>ιο</span> 
     </span>
     <span class='ocr_line' id='line_1_16' title="bbox 92 1928 1006 2014; baseline 0.002 -20"><span class='ocrx_word' id='word_1_108' title='bbox 92 1928 307 2011; x_wconf 85' lang='lat' dir='ltr'>nobilitatem,</span> <span class='ocrx_word' id='word_1_109' title='bbox 331 1951 423 1994; x_wconf 88' lang='lat' dir='ltr'>suum</span> <span class='ocrx_word' id='word_1_110' title='bbox 448 1930 637 2013; x_wconf 87' lang='lat' dir='ltr'>sanguinem</span> <span class='ocrx_word' id='word_1_111' title='bbox 657 1928 820 2014; x_wconf 90' lang='lat' dir='ltr'>perditum</span> <span class='ocrx_word' id='word_1_112' title='bbox 842 1930 919 1994; x_wconf 90' lang='lat' dir='ltr'>ibat.</span> <span class='ocrx_word' id='word_1_113' title='bbox 956 1952 1006 1996; x_wconf 91' lang='lat' dir='ltr'>re·</span> 
     </span>
     <span class='ocr_line' id='line_1_17' title="bbox 93 2033 1005 2119; baseline 0.001 -21"><span class='ocrx_word' id='word_1_114' title='bbox 93 2034 180 2100; x_wconf 88' lang='lat' dir='ltr'>stitit</span> <span class='ocrx_word' id='word_1_115' title='bbox 200 2041 308 2098; x_wconf 90' lang='lat' dir='ltr'>tamen</span> <span class='ocrx_word' id='word_1_116' title='bbox 331 2040 461 2100; x_wconf 91' lang='lat' dir='ltr'>senatus</span> <span class='ocrx_word' id='word_1_117' title='bbox 480 2039 513 2098; x_wconf 90' lang='lat' dir='ltr'>et</span> <span class='ocrx_word' id='word_1_118' title='bbox 528 2033 762 2119; x_wconf 89' lang='lat' dir='ltr'>opperiendum</span> <span class='ocrx_word' id='word_1_119' title='bbox 778 2036 1005 2119; x_wconf 87' lang='lat' dir='ltr'>imperatorem</span> 
     </span>
     <span class='ocr_line' id='line_1_18' title="bbox 93 2137 1005 2224; baseline 0.001 -21"><span class='ocrx_word' id='word_1_120' title='bbox 93 2139 231 2222; x_wconf 87' lang='lat' dir='ltr'>censuit,</span> <span class='ocrx_word' id='word_1_121' title='bbox 248 2139 334 2224; x_wconf 93' lang='lat' dir='ltr'>quod</span> <span class='ocrx_word' id='word_1_122' title='bbox 349 2161 449 2205; x_wconf 94' lang='lat' dir='ltr'>unum</span> <span class='ocrx_word' id='word_1_123' title='bbox 464 2139 649 2223; x_wconf 85' lang='lat' dir='ltr'>urgentium</span> <span class='ocrx_word' id='word_1_124' title='bbox 663 2139 822 2203; x_wconf 89' lang='lat' dir='ltr'>malorum</span> <span class='ocrx_word' id='word_1_125' title='bbox 833 2137 1005 2223; x_wconf 85' lang='lat' dir='ltr'>suffugium</span> 
     </span>
     <span class='ocr_line' id='line_1_19' title="bbox 92 2244 289 2327; baseline 0.005 -22"><span class='ocrx_word' id='word_1_126' title='bbox 92 2244 127 2307; x_wconf 93' lang='lat' dir='ltr'>in</span> <span class='ocrx_word' id='word_1_127' title='bbox 152 2248 289 2327; x_wconf 89' lang='lat' dir='ltr'>tempus.</span> 
     </span>
    </p>

    <p class='ocr_par' dir='ltr' id='par_1_4' title="bbox 91 2346 1034 3473">
     <span class='ocr_line' id='line_1_20' title="bbox 161 2346 1006 2432; baseline 0.002 -23"><span class='ocrx_word' id='word_1_128' title='bbox 161 2348 213 2410; x_wconf 79' lang='lat'>67.</span> <span class='ocrx_word' id='word_1_129' title='bbox 245 2347 290 2412; x_wconf 83' lang='lat' dir='ltr'>At</span> <span class='ocrx_word' id='word_1_130' title='bbox 308 2348 427 2413; x_wconf 88' lang='lat' dir='ltr'>Caesar</span> <span class='ocrx_word' id='word_1_131' title='bbox 449 2347 605 2412; x_wconf 89' lang='lat' dir='ltr'>dedicatis</span> <span class='ocrx_word' id='word_1_132' title='bbox 627 2368 686 2430; x_wconf 92' lang='lat' dir='ltr'>per</span> <span class='ocrx_word' id='word_1_133' title='bbox 702 2346 911 2432; x_wconf 77' lang='lat' dir='ltr'>Campaniam</span> <span class='ocrx_word' id='word_1_134' title='bbox 925 2355 1006 2412; x_wconf 90' lang='lat' dir='ltr'>tem·</span> 
     </span>
     <span class='ocr_line' id='line_1_21' title="bbox 93 2450 1005 2536; baseline 0.001 -22"><span class='ocrx_word' id='word_1_135' title='bbox 93 2450 167 2536; x_wconf 89' lang='lat' dir='ltr'>plis,</span> <span class='ocrx_word' id='word_1_136' title='bbox 192 2471 383 2534; x_wconf 91' lang='lat' dir='ltr'>quamquam</span> <span class='ocrx_word' id='word_1_137' title='bbox 406 2450 512 2516; x_wconf 89' lang='lat' dir='ltr'>edicto</span> <span class='ocrx_word' id='word_1_138' title='bbox 535 2451 714 2516; x_wconf 88' lang='lat' dir='ltr'>monuisset</span> <span class='ocrx_word' id='word_1_139' title='bbox 735 2451 849 2536; x_wconf 88' lang='lat' dir='ltr'>nequis</span> <span class='ocrx_word' id='word_1_140' title='bbox 864 2451 1005 2535; x_wconf 88' lang='lat' dir='ltr'>quietem</span> 
     </span>
     <span class='ocr_line' id='line_1_22' title="bbox 94 2553 1005 2640; baseline -0.001 -20"><span class='ocrx_word' id='word_1_141' title='bbox 94 2557 165 2620; x_wconf 91' lang='lat' dir='ltr'>eius</span> <span class='ocrx_word' id='word_1_142' title='bbox 184 2556 432 2640; x_wconf 88' lang='lat' dir='ltr'>interrumperet</span> <span class='ocrx_word' id='word_1_143' title='bbox 447 2573 682 2639; x_wconf 87' lang='lat' dir='ltr'>concursusque</span> <span class='ocrx_word' id='word_1_144' title='bbox 697 2553 931 2640; x_wconf 88' lang='lat' dir='ltr'>oppidanorum</span> <span class='ocrx_word' id='word_1_145' title='bbox 943 2554 1005 2619; x_wconf 86' lang='lat' dir='ltr'>dis-</span> 
     </span>
     <span class='ocr_line' id='line_1_23' title="bbox 93 2660 1004 2746; baseline 0 -22"><span class='ocrx_word' id='word_1_146' title='bbox 93 2660 201 2746; x_wconf 90' lang='lat' dir='ltr'>posito</span> <span class='ocrx_word' id='word_1_147' title='bbox 225 2661 326 2725; x_wconf 90' lang='lat' dir='ltr'>milite</span> <span class='ocrx_word' id='word_1_148' title='bbox 348 2660 606 2745; x_wconf 88' lang='lat' dir='ltr'>prohiberentur,</span> <span class='ocrx_word' id='word_1_149' title='bbox 627 2681 762 2744; x_wconf 87' lang='lat' dir='ltr'>perosus</span> <span class='ocrx_word' id='word_1_150' title='bbox 777 2666 886 2725; x_wconf 88' lang='lat' dir='ltr'>tamen</span> <span class='ocrx_word' id='word_1_151' title='bbox 901 2661 1004 2725; x_wconf 91' lang='lat' dir='ltr'>muni-</span> 
     </span>
     <span class='ocr_line' id='line_1_24' title="bbox 94 2763 1025 2849; baseline -0.003 -22"><span class='ocrx_word' id='word_1_152' title='bbox 94 2763 179 2848; x_wconf 87' lang='lat' dir='ltr'>cipia</span> <span class='ocrx_word' id='word_1_153' title='bbox 210 2770 243 2828; x_wconf 90' lang='lat' dir='ltr'>et</span> <span class='ocrx_word' id='word_1_154' title='bbox 274 2765 418 2829; x_wconf 88' lang='lat' dir='ltr'>colonias</span> <span class='ocrx_word' id='word_1_155' title='bbox 452 2764 622 2849; x_wconf 90' lang='lat' dir='ltr'>omniaque</span> <span class='ocrx_word' id='word_1_156' title='bbox 656 2766 688 2827; x_wconf 92' lang='lat' dir='ltr'>in</span> <span class='ocrx_word' id='word_1_157' title='bbox 723 2765 900 2830; x_wconf 83' lang='lat' dir='ltr'>continenti</span> <span class='ocrx_word' id='word_1_158' title='bbox 933 2766 1025 2848; x_wconf 70' lang='lat' dir='ltr'>sitas</span> 
     </span>
     <span class='ocr_line' id='line_1_25' title="bbox 94 2867 1001 2953; baseline 0 -19"><span class='ocrx_word' id='word_1_159' title='bbox 94 2867 237 2953; x_wconf 88' lang='lat' dir='ltr'>Capreas</span> <span class='ocrx_word' id='word_1_160' title='bbox 260 2890 295 2934; x_wconf 88' lang='lat' dir='ltr'>se</span> <span class='ocrx_word' id='word_1_161' title='bbox 316 2869 349 2932; x_wconf 90' lang='lat' dir='ltr'>in</span> <span class='ocrx_word' id='word_1_162' title='bbox 371 2869 507 2934; x_wconf 92' lang='lat' dir='ltr'>insulam</span> <span class='ocrx_word' id='word_1_163' title='bbox 526 2867 650 2932; x_wconf 88' lang='lat' dir='ltr'>abdidit</span> <span class='ocrx_word' id='word_1_164' title='bbox 665 2869 762 2932; x_wconf 92' lang='lat' dir='ltr'>trium</span> <span class='ocrx_word' id='word_1_165' title='bbox 775 2869 899 2934; x_wconf 91' lang='lat' dir='ltr'>milium</span> <span class='ocrx_word' id='word_1_166' title='bbox 919 2869 1001 2934; x_wconf 85' lang='lat' dir='ltr'>freto</span> 
     </span>
     <span class='ocr_line' id='line_1_26' title="bbox 93 2971 1001 3056; baseline 0.003 -20"><span class='ocrx_word' id='word_1_167' title='bbox 93 2973 132 3037; x_wconf 88' lang='lat' dir='ltr'>ab</span> <span class='ocrx_word' id='word_1_168' title='bbox 170 2974 323 3038; x_wconf 84' lang='lat' dir='ltr'>extremis</span> <span class='ocrx_word' id='word_1_169' title='bbox 355 2973 535 3038; x_wconf 81' lang='lat' dir='ltr'>Surrentini</span> <span class='ocrx_word' id='word_1_170' title='bbox 570 2973 786 3056; x_wconf 90' lang='lat' dir='ltr'>promunturii</span> <span class='ocrx_word' id='word_1_171' title='bbox 819 2971 1001 3039; x_wconf 88' lang='lat' dir='ltr'>diiunctam.</span> 
     </span>
     <span class='ocr_line' id='line_1_27' title="bbox 92 3075 1000 3161; baseline 0 -21"><span class='ocrx_word' id='word_1_172' title='bbox 92 3076 301 3142; x_wconf 90' lang='lat' dir='ltr'>solitudinem</span> <span class='ocrx_word' id='word_1_173' title='bbox 329 3077 488 3160; x_wconf 87' lang='lat' dir='ltr'>placuisse</span> <span class='ocrx_word' id='word_1_174' title='bbox 518 3075 659 3139; x_wconf 89' lang='lat' dir='ltr'>maxime</span> <span class='ocrx_word' id='word_1_175' title='bbox 683 3075 892 3158; x_wconf 89' lang='lat' dir='ltr'>crediderim,</span> <span class='ocrx_word' id='word_1_176' title='bbox 922 3098 1000 3161; x_wconf 93' lang='lat' dir='ltr'>quo·</span> 
     </span>
     <span class='ocr_line' id='line_1_28' title="bbox 92 3179 1000 3264; baseline -0.001 -20"><span class='ocrx_word' id='word_1_177' title='bbox 92 3181 179 3244; x_wconf 88' lang='lat' dir='ltr'>niam</span> <span class='ocrx_word' id='word_1_178' title='bbox 202 3180 426 3264; x_wconf 90' lang='lat' dir='ltr'>inportuosum</span> <span class='ocrx_word' id='word_1_179' title='bbox 449 3179 533 3244; x_wconf 86' lang='lat' dir='ltr'>circa</span> <span class='ocrx_word' id='word_1_180' title='bbox 555 3200 643 3243; x_wconf 85' lang='lat' dir='ltr'>mere</span> <span class='ocrx_word' id='word_1_181' title='bbox 668 3185 701 3244; x_wconf 91' lang='lat' dir='ltr'>et</span> <span class='ocrx_word' id='word_1_182' title='bbox 715 3179 772 3244; x_wconf 82' lang='lat' dir='ltr'>vix</span> <span class='ocrx_word' id='word_1_183' title='bbox 787 3179 923 3244; x_wconf 86' lang='lat' dir='ltr'>modicis</span> <span class='ocrx_word' id='word_1_184' title='bbox 945 3199 1000 3244; x_wconf 87' lang='lat' dir='ltr'>na-</span> 
     </span>
     <span class='ocr_line' id='line_1_29' title="bbox 91 3283 1034 3368; baseline 0.004 -20"><span class='ocrx_word' id='word_1_185' title='bbox 91 3284 185 3366; x_wconf 81' lang='lat' dir='ltr'>vigiis</span> <span class='ocrx_word' id='word_1_186' title='bbox 209 3303 312 3368; x_wconf 89' lang='lat' dir='ltr'>pauca</span> <span class='ocrx_word' id='word_1_187' title='bbox 334 3283 491 3366; x_wconf 80' lang='lat' dir='ltr'>subsidia3</span> <span class='ocrx_word' id='word_1_188' title='bbox 522 3305 626 3368; x_wconf 92' lang='lat' dir='ltr'>neque</span> <span class='ocrx_word' id='word_1_189' title='bbox 650 3284 812 3368; x_wconf 90' lang='lat' dir='ltr'>adpulerit</span> <span class='ocrx_word' id='word_1_190' title='bbox 834 3283 1000 3367; x_wconf 88' lang='lat' dir='ltr'>quisquam</span> <span class='ocrx_word' id='word_1_191' title='bbox 1009 3314 1034 3352; x_wconf 91' lang='lat'>10</span> 
     </span>
     <span class='ocr_line' id='line_1_30' title="bbox 91 3387 1000 3473; baseline -0.003 -19"><span class='ocrx_word' id='word_1_192' title='bbox 91 3390 151 3454; x_wconf 85' lang='lat' dir='ltr'>nisi</span> <span class='ocrx_word' id='word_1_193' title='bbox 174 3409 274 3473; x_wconf 87' lang='lat' dir='ltr'>gnaro</span> <span class='ocrx_word' id='word_1_194' title='bbox 299 3387 443 3454; x_wconf 87' lang='lat' dir='ltr'>custode.</span> <span class='ocrx_word' id='word_1_195' title='bbox 485 3389 565 3454; x_wconf 88' lang='lat' dir='ltr'>caeli</span> <span class='ocrx_word' id='word_1_196' title='bbox 587 3389 761 3472; x_wconf 88' lang='lat' dir='ltr'>temperies</span> <span class='ocrx_word' id='word_1_197' title='bbox 784 3387 891 3452; x_wconf 89' lang='lat' dir='ltr'>hieme</span> <span class='ocrx_word' id='word_1_198' title='bbox 914 3388 1000 3453; x_wconf 90' lang='lat' dir='ltr'>mitis</span> 
     </span>
    </p>
   </div>
   <div class='ocr_carea' id='block_1_3' title="bbox 90 3494 999 3646">
    <p class='ocr_par' dir='ltr' id='par_1_5' title="bbox 90 3494 999 3646">
     <span class='ocr_line' id='line_1_31' title="bbox 90 3494 999 3577; baseline -0.001 -18"><span class='ocrx_word' id='word_1_199' title='bbox 90 3495 222 3560; x_wconf 89' lang='lat' dir='ltr'>obiectu</span> <span class='ocrx_word' id='word_1_200' title='bbox 249 3494 385 3576; x_wconf 89' lang='lat' dir='ltr'>montis,</span> <span class='ocrx_word' id='word_1_201' title='bbox 416 3513 479 3577; x_wconf 92' lang='lat' dir='ltr'>quo</span> <span class='ocrx_word' id='word_1_202' title='bbox 510 3513 607 3558; x_wconf 87' lang='lat' dir='ltr'>saeva</span> <span class='ocrx_word' id='word_1_203' title='bbox 636 3497 807 3556; x_wconf 84' lang='lat' dir='ltr'>ventorum</span> <span class='ocrx_word' id='word_1_204' title='bbox 835 3499 999 3574; x_wconf 88' lang='lat' dir='ltr'>arcentur;</span> 
     </span>
     <span class='ocr_line' id='line_1_32' title="bbox 142 3597 844 3646; baseline -0.013 -1"><span class='ocrx_word' id='word_1_205' title='bbox 142 3605 263 3645; x_wconf 79' lang='lat' dir='ltr'>camellus</span> <span class='ocrx_word' id='word_1_206' title='bbox 276 3605 377 3643; x_wconf 82' lang='lat' dir='ltr'>Tacitus.</span> <span class='ocrx_word' id='word_1_207' title='bbox 398 3604 416 3642; x_wconf 83' lang='grc' dir='ltr'>Ι.</span> <span class='ocrx_word' id='word_1_208' title='bbox 812 3597 844 3646; x_wconf 77' lang='lat'>12</span> 
     </span>
    </p>
   </div>
   <div class='ocr_carea' id='block_1_4' title="bbox 0 0 1253 4014">
    <p class='ocr_par' dir='ltr' id='par_1_6' title="bbox 0 0 1253 4014">
     <span class='ocr_line' id='line_1_33' title="bbox 0 0 1253 4014; baseline 0 0"><span class='ocrx_word' id='word_1_209' title='bbox 0 0 1253 4014; x_wconf 95' lang='lat' dir='ltr'> </span> 
     </span>
    </p>
   </div>
  </div>
 </body>
</html>
