2444 4010
254 288 291 328 ΔΒ
306 289 432 330 EXGESSU
445 289 510 330 DIVI
523 289 651 332 AUGUSTI
664 291 688 331 11
702 291 785 332 69-72.
916 287 972 344 103

71 457 174 515 ventus
197 451 407 516 miserrimam
430 451 530 516 vitam
552 451 692 536 pessima
707 458 812 517 morte
827 451 974 517 finierim.
987 475 1013 514 ιο

71 555 169 640 siquos
185 575 269 641 spes,
285 556 394 641 siquos
410 556 609 642 propinquus
625 558 765 642 sanguis,
783 558 879 622 etiarn
895 578 977 642 quos

71 658 180 724 invidia
217 681 296 745 arga
328 659 491 726 viventem
525 662 695 746 movebat,
732 661 977 728 inlacrimabunt

71 765 224 848 quondam
254 765 424 831 florentem
456 772 489 832 et
515 772 566 831 tot
586 767 747 833 bellorum
770 768 978 854 superstitem

71 869 208 935 muliebri
235 869 350 935 fraude
374 870 540 936 cecidisse.
585 872 647 936 erit
670 871 762 936 vobis
785 870 876 942 locus
899 889 976 954 que·

72 972 154 1037 rendi
181 980 260 1060 aput
289 980 452 1057 senatum,
482 974 654 1041 invocandi
680 977 782 1061 leges.
826 995 893 1039 non
915 974 1012 1041 hocrs

72 1077 270 1162 praecipuum
298 1079 475 1144 amicorum
504 1077 619 1143 munus
649 1086 714 1163 eet,
744 1079 897 1165 prosequi
922 1078 978 1144 dc·

71 1180 204 1247 functum
227 1181 344 1268 ignavo
368 1187 494 1267 questu,
518 1181 576 1247 scd
599 1193 681 1269 quae
704 1183 844 1249 voluerit
863 1183 977 1248 menri·
1035 1267 1038 1273 Ι

72 1286 158 1370 nisse,
173 1308 256 1372 quae
271 1287 473 1354 mandauerit
489 1289 636 1373 exsequi.
668 1288 792 1354 flebunt
809 1287 976 1353 Germani-

73 1410 137 1454 cum
159 1392 255 1457 etiam
277 1391 396 1475 ignoti:
419 1390 623 1456 vindicabitis
646 1411 721 1474 vos,
745 1391 773 1455 si
794 1411 846 1456 me
869 1391 978 1476 potius

73 1513 157 1576 quam
173 1495 336 1560 fortunam
350 1516 457 1560 meam
473 1494 643 1561 fovebatis.
677 1495 839 1560 ostendite
854 1494 977 1579 populo
988 1520 1016 1559 rc

73 1595 210 1665 Romano
227 1598 293 1664 divi
302 1596 443 1684 Augusti
453 1607 584 1683 neptem
596 1598 796 1685 eandemque
807 1599 978 1682 coniugem

74 1720 185 1784 meam,
215 1711 382 1769 numerate
407 1724 467 1768 sax
488 1704 620 1769 liberos.
661 1702 882 1769 misericordia
905 1724 975 1767 oum

76 1808 287 1873 accusantibus
310 1809 371 1874 erit
392 1808 651 1893 fingentibusque
675 1809 811 1873 scelesta
827 1805 979 1873 mandata

76 1916 122 1974 aut
158 1933 225 1977 non
258 1911 392 1978 credent
423 1912 572 1978 homines
603 1918 658 1979 aut
689 1933 755 1977 non
786 1909 976 1997 ignoscent}

75 2013 209 2082 iuravere
233 2018 345 2103 amici,
379 2017 528 2083 dextram
551 2017 719 2083 morientis
742 2017 977 2100 contingentes,
988 2002 1014 2080 is

76 2121 211 2204 spiribrm
234 2128 309 2187 ante
333 2143 429 2206 quam
451 2123 610 2187 ultionem
632 2122 817 2187 amissuros.
845 2133 847 2140 '

40 2223 42 2228 ’
132 2227 181 2292 72.
210 2226 293 2291 Tum
322 2226 366 2291 ad
392 2247 532 2292 uxorem
560 2248 673 2292 versus
703 2248 763 2314 per
789 2225 978 2291 memoriam

77 2327 133 2411 sui,
157 2351 215 2415 per
237 2341 425 2396 communes
446 2330 566 2395 liberos
591 2331 709 2415 oravit,
735 2336 870 2396 exueret
892 2329 978 2394 fero-

79 2433 158 2516 ciam,
181 2435 337 2500 aaevienti
356 2435 504 2500 fortunae
520 2435 725 2502 submitteret
739 2434 892 2517 animum,
915 2453 979 2497 neu

77 2556 212 2622 regressa
226 2541 260 2604 in
273 2538 387 2604 urbem
397 2539 614 2604 aemulatione
626 2539 791 2624 potentiae
803 2535 978 2602 validiores

78 2638 219 2710 imitaret.
264 2643 345 2708 haec
374 2642 481 2728 palam
509 2647 542 2707 et
570 2643 633 2708 alia
655 2648 791 2723 secreto,
814 2662 873 2726 per
897 2659 1002 2724 quaes

80 2745 237 2812 ostendere
265 2746 455 2812 credebatur
472 2752 600 2812 metum
623 2768 665 2811 ex
687 2746 828 2812 Tiberio.
872 2765 979 2830 neque

80 2849 168 2914 multo
195 2856 270 2937 post
292 2851 510 2935 extinguitur,
538 2851 662 2936 ingenti
684 2851 773 2916 luctu
794 2848 979 2935 provinciae

81 2957 107 3014 ct
119 2954 409 3021 circumiacentium
423 2955 628 3040 populorum.
664 2955 833 3019 indoluere
849 2957 980 3018 exterae

80 3057 213 3124 nationes
241 3079 417 3145 regesque:
447 3065 536 3127 tanta
564 3060 612 3124 illi
642 3061 775 3127 comitas
804 3061 838 3123 in
865 3058 979 3139 socios,

82 3163 278 3230 mansuetudo
308 3163 343 3227 in
372 3164 489 3247 hostis3
522 3164 657 3249 visuque
687 3172 719 3230 et
749 3164 861 3228 auditu
889 3163 1015 3225 iuxtam

81 3266 275 3350 venerabilis,
314 3288 388 3333 cum
425 3267 680 3352 magnitudinem
718 3273 751 3333 et
786 3267 980 3351 gravitatem

83 3383 211 3435 summae
233 3371 380 3437 fortunae
403 3372 568 3455 retineret,
590 3373 744 3439 invidiam
768 3377 800 3436 et
822 3368 980 3452 adrogan-

84 3469 149 3538 tiam
169 3475 336 3563 effugerat.
