2482 4014
269 301 306 340 AB
320 300 447 341 Excusso
462 301 527 340 DIVI
541 299 669 340 AUGUSTI
680 300 712 339 IV
726 300 811 339 le-ss.
939 296 994 351 193

88 460 266 544 castellum,
290 462 376 548 quod
399 461 587 545 magnario
610 466 732 525 armata
754 465 809 523 aut
830 459 995 524 incondita

86 557 242 629 tuebatur.
281 564 375 629 simul
393 566 426 628 in
448 563 676 644 ferocissimos,
700 563 754 647 qui
777 569 851 627 ante
874 563 995 627 vallum

87 689 175 734 more
197 669 302 753 gentis
327 690 399 734 oum
422 670 614 734 carminibus
644 674 676 732 et
699 668 847 753 tripudiis
871 670 1030 754 persulrr

86 772 204 856 tabant,
226 773 324 838 mittit
341 771 485 837 delectos
500 773 751 856 sagittariorum.
784 773 807 836 ii
823 772 899 838 dum
916 774 995 838 emi·

86 897 142 940 nus
170 877 416 960 grassabantur,
448 877 560 942 crebra
592 883 624 941 et
655 876 756 941 inulta
785 878 918 944 vulnera
947 880 994 943 f·

87 1001 172 1046 oere:
197 983 332 1066 propius
354 981 544 1046 incedentes
567 981 736 1065 eruptione
755 981 860 1047 subita
875 983 996 1048 turbati

86 1092 156 1150 sunt
164 1086 352 1171 receptique
368 1085 511 1151 subsidio
522 1085 720 1169 Sugambrae
734 1087 884 1169 cohortis,
900 1108 994 1172 quam

85 1189 249 1256 Romanus
272 1196 453 1274 promptam
477 1189 519 1253 ad
541 1189 685 1275 pericula
710 1211 771 1254 neo
794 1191 898 1254 minus
922 1208 1030 1255 can-2⁰

85 1301 172 1358 tuum
204 1300 237 1358 et
266 1315 428 1358 armorum
458 1295 597 1359 tumultu
625 1300 749 1360 trucem
777 1294 865 1359 haud
883 1296 997 1381 procul

85 1397 290 1462 instruxerat.

146 1505 199 1568 48.
232 1503 400 1568 Translata
429 1503 545 1568 dehinc
575 1509 679 1567 castra
707 1503 835 1567 hostem
864 1510 997 1589 propter

85 1608 203 1673 relictis
227 1607 313 1693 apud
335 1607 445 1692 priora
466 1607 664 1670 munimenta
685 1596 894 1687 Thraecibus,
915 1629 997 1691 quos

85 1712 175 1777 nobis
198 1712 340 1778 adfuisse
364 1712 555 1776 memoravi.
600 1711 703 1795 iisque
725 1709 918 1795 permissum
939 1695 996 1776 va·

86 1821 166 1880 stare
182 1837 279 1880 urere
302 1815 429 1881 trahere
444 1814 592 1900 praedas,
616 1814 694 1879 dum
706 1815 875 1899 populatio
891 1816 997 1882 lucem

86 1919 166 1984 intra
181 1935 185 1942 '
198 1920 365 1984 sisteretur
397 1924 589 2003 noctemque
621 1919 653 1982 in
686 1919 799 1982 castris
829 1923 932 1983 tutam
963 1924 1019 1984 etr

85 2024 217 2107 uigilem
247 2030 461 2110 capesserent.
513 2024 547 2088 id
576 2025 679 2110 primo
709 2029 888 2090 servatum:
918 2044 996 2088 mox

86 2131 214 2195 versiin
224 2130 337 2193 luxum
350 2137 384 2194 et
394 2129 493 2213 raptis
507 2128 653 2213 opulenti
667 2130 817 2194 omittere
830 2129 996 2208 stationes,

86 2233 215 2300 lascivia
237 2234 404 2318 epularum
427 2240 482 2297 aut
504 2252 618 2296 somno
635 2236 668 2296 et
682 2232 758 2296 vinc
774 2231 996 2315 procumbere.

86 2337 181 2420 igitur
206 2337 317 2401 hostes
339 2336 463 2400 incuria
486 2355 598 2400 eorum
617 2341 772 2419 conperta
788 2334 851 2400 duo
868 2335 997 2420 agmina

88 2445 213 2523 parant,
244 2459 380 2523 quorum
403 2440 504 2504 altero
527 2439 736 2524 populatores
757 2438 997 2519 invaderentur,
1007 2457 1032 2496 10

87 2544 137 2609 alii
152 2551 257 2608 castra
268 2544 416 2608 Romana
432 2542 666 2628 adpugnarent,
681 2566 748 2610 non
763 2565 821 2630 spe
837 2544 996 2630 capiendi,

88 2646 142 2712 sed
163 2655 202 2712 ut
226 2647 363 2737 clamore
379 2646 452 2711 telis
469 2667 527 2710 suo
545 2646 680 2730 quisque
695 2646 839 2730 periculo
856 2649 998 2713 intentus

88 2772 237 2818 sonorem
258 2752 390 2816 alterius
412 2751 530 2835 proelii
551 2772 618 2816 non
633 2751 806 2836 acciperet.
844 2751 997 2816 tenebrae

88 2854 216 2940 insuper
240 2854 384 2919 delectae
407 2853 589 2938 augendam
612 2854 654 2918 ad
676 2854 895 2920 formidinem.
940 2854 998 2920 sed

88 2961 139 3044 qui
154 2960 276 3032 vallum
289 2959 455 3045 legionum
473 2959 685 3044 temptabant,
708 2959 801 3024 facile
818 2958 1032 3044 pelluntur31⁵

88 3061 266 3129 Thraecum
288 3062 409 3126 auxilia
431 3062 601 3146 repentino
624 3062 755 3126 incursu
777 3061 903 3144 territa,
926 3082 997 3126 oum

88 3187 158 3250 pars
182 3166 411 3232 munitionibus
435 3165 637 3249 adiacerent,
662 3166 772 3251 plures
795 3171 888 3232 extra
909 3166 996 3250 pala-

89 3280 204 3355 rentur,
228 3277 317 3338 tanto
340 3270 496 3335 infensius
519 3271 620 3355 oaesi,
643 3276 763 3356 quanto
786 3269 941 3354 perfugae
965 3275 998 3332 et

88 3377 268 3458 proditores
295 3376 380 3442 ferre
408 3396 499 3440 arma
528 3375 569 3440 ad
598 3396 690 3440 suum
719 3375 907 3460 patriaeque
929 3394 996 3438 ser·

90 3477 199 3544 vitium
220 3478 458 3543 incusabantur.
929 3523 932 3530 ·
1007 3503 1032 3543 ro
