2498 4010
329 307 365 345 AB
379 306 505 346 EXCESSU
519 307 583 346 DIVI
597 306 724 347 AUGUSTI
738 307 749 344 I
763 307 840 346 tte-65
1002 301 1037 356 47

29 453 33 464 ’
125 465 258 530 vallium
289 453 336 530 ac
355 466 541 530 resultantis
573 465 672 530 saltus
703 466 920 550 complerent,
952 468 1039 552 apud

126 571 292 635 Romanos
314 570 446 635 invalidi
470 571 571 654 ignes,
595 570 792 655 interruptae
811 593 918 653 voces,
941 578 1038 656 atque

125 677 188 761 ipsi
210 676 330 761 passim
355 673 541 738 adiacerent
556 675 651 757 vallo,
676 675 863 740 oberrarent
881 677 1060 759 tentoriis,s
1091 726 1093 730 ψ

124 782 288 863 insomnes
310 780 413 862 magis
430 799 525 863 quam
548 779 732 862 pervigiles.
779 779 958 864 ducemque
975 788 1039 844 ter·

125 885 191 948 ruit
214 884 283 948 dira
306 884 413 968 quies:
437 904 511 947 nam
532 882 720 956 Quintilium
737 883 860 948 Varum
883 887 1038 969 sangnine

126 988 262 1052 oblitum
287 992 320 1051 et
342 985 513 1071 paludibus
530 1005 692 1050 emersum
715 1007 848 1052 cernere
871 993 904 1053 et
927 987 1038 1053 audire

125 1093 214 1156 visus
237 1098 286 1154 est
308 1089 397 1156 velut
419 1097 604 1172 vocantem,
633 1111 700 1154 non
729 1101 837 1156 tamen
867 1093 1039 1158 obsecutus

126 1203 162 1261 et
183 1217 314 1259 manum
328 1193 490 1259 tendentis
510 1196 699 1279 reppulisse.
739 1204 854 1282 coepta
876 1199 1075 1263 lucemis·1o

125 1323 181 1366 sae
198 1302 231 1365 in
246 1301 349 1365 latera
363 1300 519 1382 legiones,
537 1306 625 1364 metu
640 1322 682 1365 an
698 1304 909 1386 contumacia,
932 1305 1040 1368 locum

126 1408 321 1486 deseruere,
360 1410 452 1488 capto
485 1425 587 1489 prope
620 1426 731 1489 campo
768 1407 910 1470 umentia
944 1407 1039 1470 ultra.

125 1533 233 1598 neque
257 1517 365 1575 tamen
386 1509 551 1574 Arminius
571 1531 763 1594 quamquam
784 1511 886 1574 libero
910 1512 1040 1576 incursu

126 1619 236 1682 statim
259 1616 420 1701 prorupit:
453 1613 512 1678 scd
534 1619 570 1677 ut
598 1614 733 1678 haesere
758 1635 857 1679 caeno
881 1616 1040 1699 fossisque

124 1721 366 1808 impedimenta,
388 1720 508 1784 turbati
524 1719 644 1783 circum
666 1719 796 1802 milites,
819 1719 961 1783 incertus
977 1719 1040 1802 sig·
1049 1749 1075 1787 rr

125 1851 243 1894 norum
266 1829 362 1910 ordo,
394 1833 494 1912 utque
517 1827 574 1890 tali
597 1826 800 1910 intempore
824 1824 884 1888 sibi
907 1825 1039 1910 quisque

125 1953 286 2020 properus
309 1939 342 1996 et
369 1931 477 1995 lentae
500 1931 671 1994 adversum
700 1931 836 2013 imperia
859 1951 967 2011 aures,
991 1929 1039 1993 in-

124 2059 279 2121 rumpere
304 2035 483 2102 Germanos
512 2034 618 2117 iubet,
651 2035 816 2099 clamitans
851 2056 902 2117 ,en
924 2034 1042 2110 Varus,

125 2163 169 2206 en
193 2140 310 2205 eodem
339 2140 457 2204 iterum
485 2139 552 2202 fato
581 2139 709 2203 vinctae
738 2137 913 2222 legionest‘
946 2141 1041 2204 simul

125 2247 209 2310 haec
240 2250 273 2307 ct
305 2265 377 2308 curn
410 2243 544 2307 delectis
584 2243 699 2307 scindit
731 2265 847 2327 agmen
888 2245 1040 2329 equisque
1050 2266 1076 2307 ro

125 2350 268 2416 maxime
300 2349 434 2412 vulnera
467 2349 595 2431 ingerit.
649 2347 696 2436 illi
730 2348 884 2431 sanguine
917 2369 975 2411 suo
1009 2353 1042 2411 et

124 2454 250 2518 lubrico
292 2450 446 2537 paludum
484 2452 646 2535 lapsantes
683 2453 826 2514 excussis
865 2452 1040 2516 rectoribus

125 2558 264 2622 disicere
302 2555 431 2637 obvios,
469 2559 637 2638 proterere
677 2553 829 2619 iacentes.
886 2555 1041 2640 plurimus

126 2663 212 2728 circa
234 2660 357 2745 aquilas
380 2659 488 2741 labor,
518 2679 600 2741 quae
623 2678 729 2742 neque
752 2658 835 2722 ferre
859 2659 1042 2742 ingruentia

126 2768 192 2833 tela
215 2786 321 2850 neque
343 2765 399 2849 figi
429 2764 545 2827 limosa
566 2763 663 2826 humo
695 2769 854 2848 poterant.
902 2763 1042 2828 Caecina
1052 2793 1077 2832 as

125 2873 205 2936 dum
227 2876 386 2934 sustentat
401 2868 513 2950 aciem,
538 2867 676 2931 suffosso
702 2888 784 2952 equo
806 2868 957 2952 delapsus
981 2869 1041 2934 cir·

125 2974 407 3054 cumveniebatur,
436 2973 469 3037 ni
491 2973 596 3057 prima
618 2973 705 3055 legio
731 2994 801 3037 sese
827 2975 1041 3058 opposuisset.

125 3079 208 3144 iuvit
231 3078 372 3147 hostium
388 3077 524 3141 aviditas
545 3079 662 3141 omissa
679 3078 778 3142 caede
802 3077 955 3163 praedam
971 3098 1040 3141 sec-

127 3183 282 3263 tantium;
306 3182 479 3266 enisaeque
503 3181 649 3264 legiones
666 3189 912 3266 vesperascente
932 3182 984 3245 die
996 3182 1040 3244 in

129 3292 242 3372 aperta
279 3291 312 3350 et
345 3285 457 3349 solida.
512 3306 619 3370 neque
657 3286 684 3349 is
721 3285 921 3350 miseriarum
958 3285 1076 3350 finisuo

129 3389 319 3454 struendum
334 3390 463 3470 vallum,
486 3390 647 3474 petendus
663 3409 774 3473 agger,
791 3390 907 3454 amissa
925 3411 1041 3473 magna

133 3513 174 3556 ex
195 3501 287 3578 parte
310 3514 368 3577 per
391 3513 473 3577 quae
497 3495 639 3578 egeritur
661 3493 778 3558 humus
804 3499 860 3557 aut
883 3493 1042 3559 exciditur
