2444 4010
195 285 249 343 136
522 291 772 332 1111111111111

193 453 305 519 civitas
329 453 406 518 olim
429 452 519 535 data,
549 475 621 518 cum
643 452 677 516 id
700 474 807 517 rarum
829 473 889 518 nec
911 453 973 517 nisi
995 454 1109 518 virtuti

193 558 333 644 pretium
355 563 450 623 esset.
495 557 519 620 ii
540 558 673 623 secretis
696 557 884 642 conloquiis,
906 557 1108 622 ferocissimo

195 683 321 748 quoque
353 661 523 747 adsumpto
556 667 611 726 aut
642 655 757 746 quibus
790 662 831 725 ob
861 667 1041 747 egestatem
1070 683 1109 728 ac

193 773 314 833 metum
337 788 379 832 ex
400 766 529 852 flagitiis
551 766 692 830 maxima
714 765 869 850 peccandi
888 764 1107 848 necessitudo,

159 896 184 935 10
194 878 391 957 componunt
425 873 542 937 Florus
579 871 716 956 Belgae,
753 870 901 934 Sacrovir
936 869 1108 954 propiores

194 976 306 1041 Gallos
330 975 467 1041 concire.
504 976 602 1060 igitur
623 996 682 1060 per
705 972 917 1038 conciliabula
939 979 973 1038 et
993 979 1108 1038 coetus

193 1079 346 1146 seditiosa
370 1069 628 1144 disserebant'de
645 1077 886 1141 continuatione
901 1077 1107 1159 tributorum,

193 1183 349 1269 gravitate
372 1183 521 1265 faenoris,
544 1182 678 1246 saevitia
700 1202 738 1246 ac
752 1181 903 1266 superbia
916 1180 1106 1265 praesiden-

193 1289 287 1369 tium;
323 1293 357 1353 et
392 1287 576 1352 discordare
612 1287 747 1352 militem
778 1286 889 1350 audito
921 1285 1108 1350 Germanici

158 1393 304 1458 reexitio.
349 1392 516 1477 egregium
551 1390 761 1456 resumendae
795 1389 936 1454 libertati
967 1397 1107 1474 tempus,

193 1496 219 1560 si
241 1496 302 1582 ipsi
323 1497 486 1578 florentes,
510 1517 605 1581 quam
627 1496 722 1579 inops
739 1495 842 1576 Italia,
867 1515 962 1579 quam
976 1494 1107 1559 inbellis

192 1600 314 1665 urbana
342 1599 470 1685 plebes,
499 1600 579 1665 nihil
602 1599 746 1663 validum
767 1599 801 1662 in
825 1598 1020 1662 exercitibus
1043 1597 1106 1661 nisi

193 1703 280 1790 quod
303 1712 483 1787 externum,
507 1705 696 1790 cogitarent.

256 1809 309 1871 41.
340 1807 439 1873 Haud
459 1808 560 1874 ferme
583 1810 649 1873 ulla
668 1808 779 1873 civitas
794 1810 915 1872 intacta
930 1806 1107 1870 seminibus

192 1913 261 1976 eius
283 1916 389 1990 motus
412 1911 487 1976 fuit:
518 1912 576 1976 sed
600 1934 736 1998 erupere
758 1913 853 1998 primi
875 1910 1044 1976 Andecavi
1065 1932 1107 1974 ac

191 2017 322 2080 Turoni.
360 2037 496 2101 quorum
517 2015 712 2082 Andecavos
734 2016 859 2081 Acilius
873 2015 993 2081 Ariola
1013 2015 1105 2098 lega·

190 2127 242 2185 tus
266 2121 372 2185 excita
392 2122 536 2202 cohorte,
560 2141 642 2205 quae
658 2121 810 2206 Lugduni
825 2117 1021 2205 praesidium
1036 2119 1107 2200 agi·

169 2225 293 2307 stabat,
325 2225 475 2289 coercuit.
519 2223 640 2288 Turoni
663 2224 841 2308 legionario
864 2223 983 2305 milite,
1006 2242 1106 2306 quem

190 2327 345 2392 Visellius
367 2326 471 2391 Varro
493 2327 653 2391 inferioris
678 2327 870 2392 Germaniae
892 2328 1020 2410 legatus
1042 2326 1106 2389 mi-

191 2438 275 2497 serat
299 2431 446 2517 oppressi
469 2427 590 2496 codem¹
607 2430 726 2496 Aviola
750 2431 831 2496 duce
855 2436 888 2495 et
911 2429 1106 2514 quibusdam

192 2536 370 2602 Galliarum
392 2535 599 2621 primoribus,
631 2536 686 2619 qui
708 2536 811 2599 tulere
835 2533 1006 2616 auxilium,
1038 2555 1104 2619 quo

191 2639 428 2704 dissimularent
456 2639 672 2705 defectionem
699 2637 867 2724 magisque
894 2639 928 2701 in
954 2645 1104 2723 tempore

156 2763 181 2802 10
191 2744 351 2809 efferrent.
396 2750 557 2827 spectatus
594 2740 641 2807 et
658 2741 807 2807 Sacrovir
843 2741 962 2805 intecto
996 2742 1104 2827 capite

189 2869 331 2933 pugnam
353 2869 411 2933 pro
427 2846 582 2912 Romanis
605 2847 692 2912 ciens
716 2846 936 2928 ostentandae,
959 2852 995 2909 ut
1016 2845 1102 2911 fere-

190 2951 261 3034 bat,
290 2951 431 3016 virtutis:
462 2949 520 3015 sed
550 2950 683 3035 captivi,
712 2970 754 3013 ne
778 2951 994 3014 incesseretur
1016 2949 1101 3030 telis,

190 3054 454 3140 adgnoscendum
466 3075 500 3120 se
515 3054 701 3140 praebuisse
716 3053 904 3138 arguebant.
936 3055 1102 3118 consultus

190 3158 338 3224 Tiberius
366 3165 556 3243 aspernatus
586 3164 635 3222 est
663 3157 816 3222 indicium
842 3159 984 3242 aluitque
1008 3156 1100 3222 dubi·

158 3291 183 3329 15
192 3264 313 3328 tatione
336 3262 467 3328 bellum.

258 3367 310 3430 42.
342 3365 476 3431 Interim
497 3365 615 3430 Florus
635 3365 783 3430 insistere
808 3364 988 3447 destinatis,
1011 3366 1099 3452 pelli·

196 3489 268 3532 cere
298 3468 381 3531 alam
410 3468 567 3552 equitum,
596 3489 677 3552 quae
708 3469 887 3554 conscripta
911 3489 929 3533 e
952 3468 1098 3534 Treveris
