2444 4010
267 289 304 327 ΑΒ
318 290 444 330 Excusso
458 290 522 329 DIVI
536 288 664 329 AUGUSTI
676 287 712 328 111
725 287 810 328 36-40.
937 279 993 336 135
1067 287 1069 298 ”

87 446 148 530 igni
177 448 383 515 interdictum
411 471 469 515 reo
499 449 747 535 adpositumque
770 454 806 512 ut
827 453 993 520 teneretur

87 551 185 616 insula
207 573 312 638 neque
329 554 538 619 Macedoniae
557 574 663 638 neque
678 553 856 618 Thraeciae
873 574 991 639 oppor-

88 660 168 720 tuna.
212 677 286 722 nam
309 657 468 732 Thraecia
490 657 592 723 diviso
616 657 752 742 imperio
776 656 809 722 in
829 655 992 723 Rhoeme-

87 763 188 826 talcen
212 766 245 824 et
266 761 386 826 liberos
409 762 538 847 Cotyis,
561 763 631 848 quis
656 763 696 829 ob
718 762 884 827 infantiam
905 768 992 827 tutor

88 864 308 930 Trebellianus
320 864 432 948 Rufus,
454 865 626 932 insolentia
647 866 749 930 nostri
770 866 893 930 discors
916 887 1029 952 age-rs

89 970 139 1034 bat
166 990 271 1054 neque
295 970 400 1036 minus
422 970 678 1036 Rhoemetalcen
701 991 796 1055 quam
816 971 993 1038 Trebellie-

89 1097 161 1139 num
188 1074 336 1140 incusans
359 1076 562 1161 popularium
585 1076 715 1142 iniurias
739 1077 856 1141 inultas
879 1077 994 1141 sinere.

90 1180 272 1244 Coelaletae
295 1179 505 1264 Odrusaeque
529 1185 562 1245 et
583 1179 654 1262 Dii,
683 1179 809 1245 validae
838 1179 994 1262 nationes,

89 1305 173 1348 arma
196 1303 322 1369 cepere·
336 1284 469 1349 ducibus
493 1283 627 1349 diversis
650 1289 683 1348 et
705 1283 834 1369 paribus
854 1285 938 1348 inter
960 1305 994 1348 se

89 1409 144 1472 per
159 1387 409 1472 ignobilitatem
434 1409 515 1472 quae
537 1409 633 1454 causa
650 1409 691 1453 ue
710 1388 742 1451 in
761 1389 881 1454 bellum
902 1394 995 1453 atrox
1004 1407 1029 1445 2⁰

90 1491 312 1557 coalescerent.
358 1512 432 1578 pars
454 1493 584 1557 turbant
606 1494 802 1578 praesentia,
826 1493 880 1557 alii
902 1514 994 1556 mon-

89 1603 152 1661 tem
166 1595 329 1662 Haemum
344 1596 632 1682 transgrediuntur,
648 1603 684 1660 ut
698 1602 841 1661 remotos
856 1597 994 1681 populos

91 1701 267 1782 concirent3
296 1701 424 1786 plurimi
453 1722 491 1765 ac
507 1702 661 1772 ¹manime
685 1700 854 1785 compositi
882 1721 994 1786 regem

89 1807 263 1890 urbemque
288 1805 557 1890 Philippopolim,
588 1827 607 1870 a
634 1803 814 1869 Macedone
842 1803 993 1889 Philippo

91 1911 133 1975 sie
156 1911 284 1994 dictam,
308 1910 562 1975 circumsidunt..
629 1922 633 1928 ’
1003 1931 1029 1970 rs

153 2016 204 2079 39.
239 2014 330 2089 Quae
359 2015 414 2079 uhi
445 2015 573 2098 cognita
594 2013 632 2078 P.
656 2013 792 2077 Vellaeo
823 2012 863 2094 (is
884 2013 995 2097 proxi-

91 2140 175 2183 mum
198 2119 377 2184 exercitum
399 2119 636 2204 praesidebat),
666 2119 782 2187 alarias
812 2119 936 2203 equites
960 2138 998 2182 ac

92 2221 168 2286 levis
190 2223 370 2287 cohortium
389 2223 486 2288 mittit
508 2223 540 2286 in
558 2244 614 2288 eos
635 2223 690 2307 qui
705 2221 926 2308 praedabundi
943 2228 998 2286 aut

93 2324 294 2392 adsumendis
317 2327 445 2391 auxiliis
468 2328 678 2411 vagabantur,
702 2327 771 2413 ipsc
791 2327 889 2392 robur
906 2326 998 2412 pedi-

93 2433 156 2491 tum
184 2431 225 2495 ad
255 2431 490 2497 exsolvendum
515 2431 674 2497 obsidium
697 2433 794 2502 ducit.
840 2434 1019 2518 simulqueo

95 2539 203 2599 cuncta
223 2555 379 2619 prospere
403 2541 474 2600 acta
497 2536 599 2601 caesis
622 2537 867 2623 populatoribus
886 2542 918 2602 et
935 2536 998 2600 dis·
1031 2539 1033 2545 ’

95 2640 236 2704 sensione
257 2644 327 2704 orta
342 2639 428 2725 apud
443 2641 628 2709 obsidentes
649 2641 801 2725 regisque
817 2646 999 2726 opportuna

97 2744 256 2830 eruptione
282 2749 314 2808 et
337 2743 478 2809 adventu
500 2745 650 2829 legionis.
690 2765 804 2830 neque¹
818 2744 921 2814 aciem
943 2751 998 2808 aut

96 2848 245 2930 proelium
277 2846 339 2913 disi
363 2847 524 2930 decuerit,
553 2849 586 2913 in
616 2859 678 2934 q‘uo
709 2849 859 2914 semermi
881 2869 917 2912 aa
940 2869 996 2933 pa·

95 2947 190 3015 lantes
212 2951 364 3015 trucidati
385 2951 452 3016 sine
475 2957 586 3017 nostro
611 2952 777 3037 sauguine.¹
1008 2975 1032 3012 ro

153 3057 203 3118 40.
226 3054 352 3120 Eodem
367 3077 451 3120 auno
466 3056 644 3123 Galliarum
659 3056 803 3121 civitates
820 3055 860 3122 ob
873 3054 995 3138 magni-

96 3157 230 3225 tudinem
246 3161 329 3226 aeris
345 3160 441 3226 alieni
456 3161 667 3226 rebellionem
685 3168 887 3246 coeptavere,
907 3159 995 3223 cuius

98 3263 309 3329 exstimulator
330 3265 505 3330 acerrimus
525 3265 608 3329 inter
623 3264 782 3332 Treveros
800 3263 902 3336 Iulius
917 3263 994 3328 Flo·
1036 3329 1040 3340 ,

97 3382 153 3447 rus,
175 3367 258 3453 apud
280 3365 415 3434 Aeduos
437 3368 538 3434 Iulius
561 3369 718 3434 Sacrovir.
755 3366 905 3433 nobilitas
926 3387 993 3430 am-

97 3465 190 3534 bobus
224 3478 257 3536 et
287 3474 444 3539 maiorum
479 3472 564 3538 bona
596 3473 681 3538 facta
712 3491 815 3556 eoque
845 3470 1014 3538 Romanas

796 3571 836 3626 8*
