2498 4010
181 300 197 355 6
506 305 645 344 CORNELII
658 306 756 345 raom

178 463 303 527 Liviam
326 485 367 528 ne
392 486 507 529 arcana
531 464 655 548 domus,
678 485 720 528 ne
744 466 878 530 consilia
900 467 1087 550 amicorum,

179 569 355 633 ministeria
377 569 514 633 militum
530 570 739 654 vulgarentur
761 592 844 636 neve
860 571 1008 637 Tiberius
1022 573 1088 637 vim

145 697 170 734 25
179 674 376 758 principatus
391 673 568 739 resolveret
595 675 636 738 ad
657 681 805 739 senatum
824 675 987 741 vocando:
1018 698 1088 740 eam

179 777 404 842 condicionem
428 798 498 841 esse
527 777 710 863 imperandi
738 783 774 842 ut
802 800 867 843 non
891 780 985 844 aliter
1006 780 1087 844 ratic

178 889 316 947 constet.

246 988 275 1049 l.
309 985 354 1048 At
384 985 511 1051 Romae
542 1007 637 1051 ruere
671 988 705 1050 in
738 987 904 1051 servitium
943 987 1090 1052 consules

179 1098 287 1176 patres
328 1091 462 1175 equites.
523 1096 642 1175 quanto
677 1091 748 1176 quis
779 1090 964 1170 inlustrior,
998 1097 1088 1154 tanto

179 1195 282 1276 magis
305 1194 378 1258 falsi
394 1216 430 1258 ao
452 1194 640 1259 festinantes
663 1195 817 1279 vultuque
834 1195 1024 1278 composito,
1047 1215 1089 1258 ne

179 1299 256 1363 laeti
278 1319 414 1363 excessu
437 1299 592 1384 principis
614 1321 678 1365 neu
701 1301 809 1364 tristes
831 1299 1018 1387 primordio,
1042 1300 1089 1362 la·

157 1404 293 1468 ocrimas
316 1403 479 1488 gaudium,
503 1411 633 1488 questus
656 1404 876 1468 adulationem
902 1403 1089 1468 miscebant.

178 1507 255 1573 Sex.
271 1507 446 1591 Pompeius
471 1516 503 1571 et
525 1508 601 1572 Sex.
617 1493 799 1592 Appuleius
823 1509 971 1571 consules
993 1507 1091 1592 primi
1166 1529 1170 1534 ·
1247 1492 1248 1505 ¹

178 1611 210 1674 in
232 1611 332 1675 verba
354 1611 474 1674 Tiberii
499 1610 645 1675 Caesaris
665 1593 824 1677 iuravere
853 1612 1003 1697 apudque
1034 1633 1091 1676 eos

178 1715 272 1781 Seius
294 1715 409 1780 Strabo
441 1722 473 1780 et
497 1715 533 1780 O.
556 1716 747 1798 Turranius,
777 1716 831 1781 illc
855 1717 1090 1800 praetoriarum

179 1819 359 1883 cohortium
388 1818 585 1904 praefectus,
618 1820 671 1884 hic
700 1841 863 1902 annonae;
896 1841 974 1887 mox
997 1843 1090 1886 sena·

139 1941 169 1980 '10
178 1929 229 1987 tus
252 1924 408 2008 milesque
433 1929 465 1989 et
487 1924 635 2018 populus.
677 1946 753 1988 nam
767 1923 915 1989 Tiberius
938 1947 997 2010 per
1012 1947 1090 1990 con·

179 2030 264 2092 sules
292 2028 482 2112 incipiebat,
512 2037 677 2113 tamquam
699 2036 810 2094 vetere
833 2050 870 2093 re
899 2030 1027 2114 publiea
1057 2037 1092 2094 et

178 2133 348 2215 ambiguus
369 2133 567 2217 imperandi:
599 2155 641 2197 ne
672 2134 813 2198 edictum
842 2134 993 2217 quidem,
1025 2155 1089 2218 quo

178 2239 335 2323 patrosin
352 2238 472 2302 curiam
488 2238 634 2315 vocabat,
657 2239 719 2302 nisi
739 2237 929 2303 tribuniciae
946 2244 1090 2323 potesta-

178 2343 219 2406 tis
244 2342 499 2426 praescriptione
524 2343 634 2426 posuit
658 2344 717 2407 sub
745 2341 894 2427 Augusto
926 2351 1090 2428 acceptae.

145 2447 278 2511 rsverba
313 2447 404 2510 fuere
440 2467 543 2530 pauca
579 2453 612 2510 et
647 2467 744 2511 sensu
781 2446 1009 2530 permodesto:
1049 2445 1090 2512 de

178 2549 354 2615 honoribus
391 2550 535 2634 parentis
574 2550 795 2615 consulturum
832 2571 938 2636 neque
978 2551 1091 2615 absce-

178 2655 256 2719 dere
272 2676 291 2718 a
305 2674 441 2737 corpore
458 2653 555 2738 idque
571 2675 670 2718 unum
686 2676 729 2718 ex
749 2653 886 2739 publicis
902 2654 1091 2719 muneribus

178 2780 342 2843 usurpare.
394 2758 452 2822 sed
479 2758 631 2824 defuncto
658 2758 808 2843 Augusto
841 2759 967 2842 signum
996 2779 1090 2848 prae3

178 2863 270 2928 toriis
293 2863 480 2928 cohortibus
500 2871 535 2927 ut
557 2863 733 2946 imperator
757 2861 907 2944 dederat3
932 2863 1091 2928 excubiae

145 2987 169 3025 20
178 2989 282 3049 arma,
296 2949 300 2959 ¹
315 2973 424 3031 cetera
456 2968 565 3048 aulae;
597 2966 690 3030 miles
719 2966 752 3030 in
781 2966 905 3048 forum,
934 2967 1027 3030 miles
1056 2967 1090 3028 in

179 3072 299 3136 curiam
329 3072 551 3136 comitabatur.
596 3071 721 3136 litteras
750 3071 791 3135 ad
815 3074 977 3137 exercitus
1007 3079 1089 3136 tam·

179 3198 274 3261 quam
297 3176 415 3261 adepto
445 3177 625 3260 principatu
647 3178 749 3258 misit,
782 3197 938 3260 nusquam
962 3181 1090 3240 cuncta-

178 3279 305 3345 bundus
334 3280 396 3344 nisi
427 3300 500 3342 oum
532 3280 564 3341 in
596 3288 708 3344 senatu
740 3281 937 3364 loqueretur.
994 3300 1091 3342 causa

179 3386 352 3470 praecipua
374 3406 416 3448 ex
437 3383 619 3464 formidine,
641 3406 682 3448 ne
700 3383 921 3465 Germanicus,
944 3384 978 3448 in
999 3384 1090 3448 cuius

145 3511 275 3554 amana
305 3494 354 3552 tot
380 3488 543 3572 legiones,
575 3489 733 3551 immensa
763 3488 924 3551 sociorum
959 3487 1089 3570 auxilia,
