2498 4010
289 281 328 320 AB
344 281 470 321 EXGESSU
484 281 550 320 DIVI
563 279 692 320 AUGUSTI
704 280 728 319 11
741 278 800 320 4—7.
965 277 1001 332 61

90 441 154 527 cipi
176 442 388 528 legionesque
412 447 445 506 et
468 449 667 509 commeatus
689 442 810 525 pariter
832 441 924 522 vehi3
953 441 1002 504 in·

88 554 220 630 tegrum
244 547 385 631 equitem
406 567 572 631 equosque
594 568 653 630 per
677 567 734 611 ora
757 553 789 610 et
811 544 923 611 alveos
942 546 1002 610 flu·

89 650 213 714 minum
235 649 344 714 media
364 651 398 714 in
422 650 596 716 Germania
618 652 697 717 fore.

155 757 186 819 6.
216 755 319 840 Igitur
341 754 404 818 huc
426 755 575 838 intendit,
598 756 702 821 missis
726 757 767 820 ad
791 776 905 819 census
923 752 1000 818 Gal·

88 860 204 924 liarum
226 860 264 924 P.
288 859 421 924 Vitellio
447 865 480 924 et
504 860 540 926 Ο.
556 859 669 926 Antio.
700 860 796 926 Silius
816 866 848 923 at
862 856 1000 922 Anteius

89 972 122 1029 et
138 963 278 1029 Gaecina
292 963 496 1030 fabricandae
512 966 607 1030 classi
622 971 874 1050 praeponuntur.
911 964 1000 1028 mille

88 1088 188 1133 naves
210 1069 355 1133 sufficere
379 1071 466 1133 visae
485 1075 752 1154 properatueque,
774 1069 857 1133 aliae
872 1069 999 1152 breves,

80 1169 225 1255 ¹angusta
245 1173 345 1256 puppi
365 1193 525 1258 proraque
542 1179 574 1238 et
590 1171 654 1238 lato
671 1180 775 1255 utero,
797 1193 861 1257 quo
875 1173 1019 1238 faciliusr

86 1276 202 1342 fluctus
217 1277 408 1359 tolerarent;
431 1278 589 1362 quaedam
605 1280 721 1362 planae
737 1277 861 1358 carinis,
878 1282 914 1342 ut
929 1279 998 1342 sine

86 1402 175 1448 noxa
197 1380 358 1464 siderent3
388 1383 496 1466 plures
517 1380 673 1466 adpositis
696 1381 856 1465 utrimque
880 1380 998 1464 guber-

86 1485 225 1569 naculis,
259 1507 415 1551 converso
447 1493 482 1550 ut
510 1493 645 1571 repente
676 1486 811 1570 remigio
841 1485 917 1549 hinc
944 1487 999 1550 vel

86 1588 175 1654 illinc
195 1588 412 1674 adpellerent3
436 1590 556 1655 multae
579 1591 733 1676 pontibus
756 1595 873 1655 stratae
889 1612 996 1675 super,

86 1712 169 1776 quae
193 1697 354 1756 tormenta
374 1692 585 1773 veherentur,
618 1695 713 1760 simul
736 1702 830 1778 aptae
855 1694 996 1759 ferendis
1006 1710 1030 1750 1⁰

87 1797 177 1882 equis
207 1802 262 1860 aut
285 1797 495 1879 commeatui3
517 1798 599 1862 velis
621 1798 762 1881 habiles,
795 1797 875 1862 citae
898 1798 997 1862 remis

87 1902 288 1986 augebantur
310 1902 474 1966 alacritate
497 1902 635 1967 militum
658 1904 691 1966 in
714 1903 856 1987 speciem
879 1924 916 1968 ac
930 1909 996 1967 ter·

87 2027 202 2072 rorem.
247 2005 352 2069 insula
372 2005 572 2071 Batavorum
600 2007 634 2071 in
663 2029 760 2092 quam
789 2007 998 2073 convenirent

88 2109 261 2195 praedicta,
290 2110 331 2175 ob
354 2109 464 2175 faciles
487 2108 641 2195 adpulsus
663 2111 923 2198 accipiendisque
947 2131 998 2175 co-

88 2215 145 2300 piis
160 2221 195 2280 et
210 2214 491 2280 transmittendum
506 2214 548 2279 ad
563 2215 683 2280 bellum
699 2224 891 2301 opportuna.
922 2237 1032 2280 namra

87 2321 220 2386 Rhenus
242 2341 307 2385 uno
332 2319 425 2385 alveo
450 2321 619 2385 continuus
642 2325 698 2385 aut
720 2318 863 2385 modicas
878 2320 998 2384 insulas

88 2424 339 2490 circumveniens
362 2423 449 2508 apud
472 2424 663 2510 principium
685 2425 756 2508 agri
770 2424 886 2489 Batavi
908 2425 998 2489 velut

86 2531 117 2594 in
155 2529 239 2592 duos
276 2548 388 2592 amnes
421 2526 576 2592 dividitur
607 2535 777 2614 servatque
811 2550 931 2593 nomen
965 2535 998 2594 et

86 2633 272 2699 violentiam
302 2652 428 2714 cursus,
458 2653 521 2716 qua
545 2632 751 2698 Germaniam
780 2631 997 2718 praevehitur,

87 2737 191 2802 donec
215 2734 346 2800 Oceano
369 2737 557 2803 misceatur:
581 2736 622 2800 ad
647 2737 804 2802 Gallicam
827 2737 930 2822 ripam
950 2738 1031 2800 la-co

86 2842 147 2906 tior
190 2846 224 2905 et
265 2841 423 2925 placidior
453 2842 596 2906 adfluens
634 2841 742 2924 (verso
780 2827 996 2924 cognomento

86 2945 246 3011 Vahalem
269 2945 398 3009 accolae
422 2944 564 3029 dicunt),
593 2966 672 3010 mox
694 2947 729 3010 id
750 2967 880 3032 quoque
901 2967 997 3010 voea-

86 3050 197 3115 bulum
222 3056 325 3114 mutat
340 3049 434 3115 Mosa
454 3051 585 3115 flumine
611 3050 744 3134 eiusque
769 3051 914 3115 inmenso
942 3070 998 3115 ore
1033 3035 1035 3042 ¹

89 3153 227 3218 eundem
250 3153 284 3216 in
307 3151 473 3219 Oceanum
496 3153 680 3218 effunditur.

152 3261 180 3322 7.
215 3256 281 3322 Sed
307 3257 435 3339 Caesar,
459 3256 536 3321 dum
559 3256 732 3340 adiguntur
754 3278 864 3339 naves,
886 3256 999 3321 Silium

90 3361 230 3446 legatum
250 3383 323 3426 cum
339 3361 492 3446 expedita
505 3383 602 3426 manu
617 3362 836 3446 inruptionem
851 3361 884 3424 in
901 3360 999 3425 Chat·

91 3471 139 3530 tos
169 3467 277 3531 facere
306 3466 413 3531 iubet:
442 3467 512 3551 ipae
542 3467 653 3530 audito
685 3465 853 3530 castellum
876 3465 1000 3552 Lupiae

140 3577 261 3619 cornelius
274 3577 376 3618 Tacitus.
395 3577 413 3618 1.
431 3571 433 3575 '
828 3574 845 3620 4
