2498 4010
297 339 334 377 ΑΒ
348 339 474 379 excussu
487 340 552 379 nrvr
566 339 693 380 Aneusrr
706 341 718 378 1
731 341 815 380 rr-u.
978 335 1015 392 55

101 500 210 562 renuit
232 498 387 582 Tiberine,
410 500 544 585 perinde
569 500 677 579 diviua
698 503 900 586 humanaque
925 504 1038 569 obtes

102 623 201 686 gens;
241 602 299 667 sed
331 604 508 669 remedium
543 607 714 670 coercendi
746 608 884 671 fluminis
918 606 1015 671 Ateio

104 707 255 792 Capitoni
279 714 311 773 et
329 709 365 774 L.
384 710 539 774 Arruntio
563 711 760 775 mandatum.
806 710 962 775 Achaiam
979 733 1016 774 ac

102 812 326 877 Macedoniam
350 837 449 879 onera
476 815 677 901 deprecantis
693 817 795 882 levari
812 818 845 880 in
863 836 1016 900 praesens

103 919 325 1002 proconsulari
362 919 498 1004 imperio
536 920 682 1004 tradique
721 920 851 984 Caesari
885 921 1014 1004 placuit.

103 1021 241 1086 edendis
264 1022 515 1107 gladiatoribus,
539 1044 619 1107 quos
643 1025 827 1091 Germanici
850 1025 955 1088 fratris
979 1045 1015 1087 ac
1026 1047 1051 1086 1o

102 1146 161 1188 suo
175 1127 304 1190 nomine
319 1126 488 1209 obtulerat,
499 1127 623 1192 Drusus
636 1129 810 1213 praesedit,
821 1150 1014 1213 quamquam

102 1232 160 1295 vili
183 1231 337 1314 sanguine
356 1232 451 1295 nimis
469 1231 630 1316 gaudens,
655 1232 742 1316 quod
765 1234 798 1296 iu
811 1234 928 1317 vulgus
950 1235 1014 1297 for-

102 1335 298 1399 midolosum
321 1340 354 1399 et
377 1339 469 1419 pater
493 1337 637 1417 arguisse
660 1335 835 1401 dicebatur.
865 1358 921 1401 cur
944 1339 1015 1402 abs-

102 1438 234 1503 tinuerit
272 1440 455 1524 spcctaculo
492 1441 579 1525 ipse,
614 1441 702 1505 varic
736 1443 922 1524 trahebant3
961 1444 1014 1507 alii

102 1544 212 1608 taedio
243 1550 368 1626 coetus,
393 1544 524 1628 quidam
557 1547 685 1610 tristitia
715 1548 836 1630 ingenii
865 1554 899 1612 et
927 1554 1015 1612 metu
1025 1568 1051 1605 1⁵

102 1649 350 1734 conparaticnis,
374 1649 449 1733 quia
463 1649 631 1733 Augustus
654 1652 787 1716 comiter
809 1651 1014 1715 interfuisset.

101 1776 168 1818 nou
185 1753 376 1818 crediderim
389 1753 435 1816 'ad
460 1754 683 1818 ostentandam
699 1754 865 1820 saevitiam
882 1775 1014 1818 moven-

102 1857 224 1942 dasque
235 1859 348 1942 pcpuli
359 1857 552 1923 offensiones
563 1881 747 1924 concessam
760 1860 825 1923 filio
836 1861 1013 1940 materiem,

101 1983 295 2046 quamquam
319 1961 354 2024 id
376 1983 504 2047 quoque
529 1961 650 2026 dictum
675 1969 732 2026 est.
821 1957 823 1962 ’

168 2067 220 2131 77.
252 2065 297 2129 At
319 2066 435 2130 theatri
458 2067 599 2147 licentia,
621 2067 770 2151 proximo
788 2087 870 2130 anno
888 2070 1012 2150 coepta,

100 2173 231 2256 gravius
253 2178 321 2235 tum
339 2172 453 2256 erupit,
479 2172 592 2236 occisis
607 2192 673 2235 non
696 2172 828 2235 modos
850 2171 945 2255 plebe
965 2175 1014 2232 set

100 2277 255 2341 militibus
287 2283 320 2340 et
343 2277 546 2359 centurione,
569 2277 737 2341 vulnerato
761 2277 888 2341 tribuno
919 2295 1012 2360 prae·

100 2385 201 2447 toriae
219 2383 369 2463 cohortis,
393 2381 468 2464 dum
492 2383 610 2466 probra
625 2381 658 2445 in
673 2380 878 2463 magistratus
899 2385 932 2442 et
948 2378 1011 2442 dis-

100 2487 284 2550 sensionem
298 2485 388 2569 vulgi
406 2486 587 2570 prohibent.
618 2490 725 2548 actum
742 2485 782 2549 de
800 2506 837 2548 ea
852 2483 1033 2549 seditiones

100 2591 185 2676 apud
214 2596 323 2675 patres
353 2591 605 2674 dicebanturque
636 2589 831 2670 sentcntiae,
860 2594 896 2652 ut
919 2610 1011 2672 prae·

99 2695 223 2759 toribus
254 2694 302 2757 ius
325 2695 485 2778 virgarum
516 2694 550 2756 iu
579 2692 750 2756 histriones
775 2698 870 2756 esset.
914 2693 1011 2757 inter·
1041 2767 1043 2774 Ι

99 2797 196 2863 cessit
219 2797 374 2866 Haterius
396 2797 544 2882 Agrippa
565 2796 712 2861 tribunus
741 2797 849 2881 plebei
874 2797 1011 2882 increpi-

97 2908 214 2984 tusque
240 2906 288 2964 est
310 2899 416 2964 Asinii
439 2900 526 2964 Galli
550 2900 709 2982 oratioue,
734 2901 848 2964 silente
871 2901 1012 2979 Tiberio,
1042 2919 1044 2922 ·

99 3007 152 3090 qui
187 3026 227 3068 ea
261 3006 430 3069 simulacra
468 3004 626 3069 libertatis
659 3005 784 3068 senatui
825 3006 1011 3089 praebebat.
1022 3022 1048 3062 10

99 3110 199 3174 valuit
215 3114 325 3172 tamen
346 3109 545 3188 intercessic,
569 3108 644 3191 quia
661 3107 753 3171 divus
768 3108 936 3192 Augustus
953 3108 1011 3170 im-

99 3234 212 3276 munes
238 3213 410 3277 verberum
432 3213 605 3276 histriones
622 3212 784 3296 quondam
799 3211 1012 3296 responderat

100 3337 202 3400 neque
226 3315 273 3378 fas
295 3315 469 3397 infringere
494 3315 610 3379 edicta.
655 3315 696 3378 de
719 3315 816 3379 modo
839 3314 955 3376 lucaris
980 3320 1012 3377 et

102 3419 253 3486 adversus
275 3421 440 3484 lasciviam
468 3419 627 3483 fautorum
643 3420 755 3483 'multa
778 3418 1011 3492 decernuntur;

102 3544 142 3586 ex
162 3525 233 3610 quis
255 3525 396 3587 maxims
420 3524 572 3607 insignia,
594 3544 636 3588 ne
661 3524 774 3587 domos
797 3522 1046 3608 pantomimo-1⁵
