<?xml version="1.0" encoding="UTF-8"?>
<!DOCTYPE html PUBLIC "-//W3C//DTD XHTML 1.0 Transitional//EN"
    "http://www.w3.org/TR/xhtml1/DTD/xhtml1-transitional.dtd">
<html xmlns="http://www.w3.org/1999/xhtml" xml:lang="en" lang="en">
 <head>
  <title>
</title>
<meta http-equiv="Content-Type" content="text/html;charset=utf-8" />
  <meta name='ocr-system' content='tesseract 3.04.00' />
  <meta name='ocr-capabilities' content='ocr_page ocr_carea ocr_par ocr_line ocrx_word'/>
</head>
<body>
  <div class='ocr_page' id='page_1' title='image "./annalen01tacigoog_0011.png"; bbox 0 0 2498 4010; ppageno 0'>
   <div class='ocr_carea' id='block_1_1' title="bbox 68 300 729 352">
    <p class='ocr_par' dir='ltr' id='par_1_1' title="bbox 68 300 729 352">
     <span class='ocr_line' id='line_1_1' title="bbox 68 300 729 352; baseline 0.003 -13"><span class='ocrx_word' id='word_1_1' title='bbox 68 343 70 348; x_wconf 68' lang='grc'>,</span> <span class='ocrx_word' id='word_1_2' title='bbox 182 317 209 352; x_wconf 63' lang='grc' dir='ltr'>ῃ</span> <span class='ocrx_word' id='word_1_3' title='bbox 559 300 729 341; x_wconf 72' lang='lat' dir='ltr'>rnsnrsrro.</span> 
     </span>
    </p>
   </div>
   <div class='ocr_carea' id='block_1_2' title="bbox 182 461 1090 650">
    <p class='ocr_par' dir='ltr' id='par_1_2' title="bbox 182 461 1090 650">
     <span class='ocr_line' id='line_1_2' title="bbox 183 461 1090 548; baseline 0.001 -22"><span class='ocrx_word' id='word_1_4' title='bbox 183 463 284 528; x_wconf 83' lang='lat' dir='ltr'>adniti</span> <span class='ocrx_word' id='word_1_5' title='bbox 315 463 475 548; x_wconf 90' lang='lat' dir='ltr'>possimus</span> <span class='ocrx_word' id='word_1_6' title='bbox 510 461 741 527; x_wconf 84' lang='lat' dir='ltr'><strong>adminiculum</strong></span> <span class='ocrx_word' id='word_1_7' title='bbox 774 461 927 527; x_wconf 81' lang='lat' dir='ltr'><strong>acuminis</strong></span> <span class='ocrx_word' id='word_1_8' title='bbox 959 464 1090 546; x_wconf 83' lang='lat' dir='ltr'>ingenii.</span> 
     </span>
     <span class='ocr_line' id='line_1_3' title="bbox 182 565 1090 650; baseline 0 -21"><span class='ocrx_word' id='word_1_9' title='bbox 182 565 292 650; x_wconf 85' lang='lat' dir='ltr'><strong>Atque</strong></span> <span class='ocrx_word' id='word_1_10' title='bbox 322 566 415 630; x_wconf 89' lang='lat' dir='ltr'>huius</span> <span class='ocrx_word' id='word_1_11' title='bbox 438 572 513 630; x_wconf 91' lang='lat' dir='ltr'>ante</span> <span class='ocrx_word' id='word_1_12' title='bbox 537 565 644 630; x_wconf 92' lang='lat' dir='ltr'>omnia</span> <span class='ocrx_word' id='word_1_13' title='bbox 665 565 845 650; x_wconf 86' lang='lat' dir='ltr'>putaverim</span> <span class='ocrx_word' id='word_1_14' title='bbox 866 587 936 631; x_wconf 89' lang='lat' dir='ltr'>esse</span> <span class='ocrx_word' id='word_1_15' title='bbox 959 588 1020 632; x_wconf 91' lang='lat' dir='ltr'>usu</span> <span class='ocrx_word' id='word_1_16' title='bbox 1041 568 1090 630; x_wconf 92' lang='lat' dir='ltr'>lo-</span> 
     </span>
    </p>
   </div>
   <div class='ocr_carea' id='block_1_3' title="bbox 182 663 1207 756">
    <p class='ocr_par' dir='ltr' id='par_1_3' title="bbox 182 663 1207 756">
     <span class='ocr_line' id='line_1_4' title="bbox 182 663 1207 756; baseline 0 -21"><span class='ocrx_word' id='word_1_17' title='bbox 182 671 302 756; x_wconf 90' lang='lat' dir='ltr'>quendi</span> <span class='ocrx_word' id='word_1_18' title='bbox 318 669 489 752; x_wconf 83' lang='lat' dir='ltr'>diligenter</span> <span class='ocrx_word' id='word_1_19' title='bbox 507 675 677 754; x_wconf 89' lang='lat' dir='ltr'>perspecto</span> <span class='ocrx_word' id='word_1_20' title='bbox 694 668 804 752; x_wconf 81' lang='lat' dir='ltr'>siquae</span> <span class='ocrx_word' id='word_1_21' title='bbox 819 663 918 733; x_wconf 89' lang='lat' dir='ltr'>insint</span> <span class='ocrx_word' id='word_1_22' title='bbox 931 670 963 733; x_wconf 92' lang='lat' dir='ltr'>in</span> <span class='ocrx_word' id='word_1_23' title='bbox 979 671 1089 736; x_wconf 91' lang='lat' dir='ltr'>codice</span> <span class='ocrx_word' id='word_1_24' title='bbox 1204 693 1207 698; x_wconf 65' lang='grc'>’</span> 
     </span>
    </p>
   </div>
   <div class='ocr_carea' id='block_1_4' title="bbox 181 773 1137 2937">
    <p class='ocr_par' dir='ltr' id='par_1_4' title="bbox 181 773 1137 2937">
     <span class='ocr_line' id='line_1_5' title="bbox 183 773 1089 859; baseline 0.002 -22"><span class='ocrx_word' id='word_1_25' title='bbox 183 775 398 859; x_wconf 81' lang='lat' dir='ltr'>manuscripto</span> <span class='ocrx_word' id='word_1_26' title='bbox 424 795 507 858; x_wconf 90' lang='lat' dir='ltr'>quae</span> <span class='ocrx_word' id='word_1_27' title='bbox 530 795 549 836; x_wconf 85' lang='lat' dir='ltr'>a</span> <span class='ocrx_word' id='word_1_28' title='bbox 571 773 712 857; x_wconf 85' lang='lat' dir='ltr'>genuino</span> <span class='ocrx_word' id='word_1_29' title='bbox 736 773 839 837; x_wconf 80' lang='lat' dir='ltr'>Taciti</span> <span class='ocrx_word' id='word_1_30' title='bbox 861 793 1009 838; x_wconf 82' lang='lat' dir='ltr'>sermone</span> <span class='ocrx_word' id='word_1_31' title='bbox 1034 775 1089 839; x_wconf 84' lang='lat' dir='ltr'>ab·</span> 
     </span>
     <span class='ocr_line' id='line_1_6' title="bbox 181 876 1091 962; baseline 0.001 -21"><span class='ocrx_word' id='word_1_32' title='bbox 181 878 334 942; x_wconf 81' lang='lat' dir='ltr'>horreant</span> <span class='ocrx_word' id='word_1_33' title='bbox 361 876 521 960; x_wconf 87' lang='lat' dir='ltr'>indagari.</span> <span class='ocrx_word' id='word_1_34' title='bbox 564 877 666 959; x_wconf 83' lang='lat' dir='ltr'>Nam,</span> <span class='ocrx_word' id='word_1_35' title='bbox 695 882 731 941; x_wconf 92' lang='lat' dir='ltr'>ut</span> <span class='ocrx_word' id='word_1_36' title='bbox 760 877 918 962; x_wconf 84' lang='lat' dir='ltr'>exemplis</span> <span class='ocrx_word' id='word_1_37' title='bbox 946 885 1033 959; x_wconf 87' lang='lat' dir='ltr'>utar,</span> <span class='ocrx_word' id='word_1_38' title='bbox 1064 880 1091 942; x_wconf 87' lang='lat' dir='ltr'>si</span> 
     </span>
     <span class='ocr_line' id='line_1_7' title="bbox 182 980 1092 1066; baseline 0.001 -22"><span class='ocrx_word' id='word_1_39' title='bbox 182 981 373 1064; x_wconf 86' lang='lat' dir='ltr'>viderimus,</span> <span class='ocrx_word' id='word_1_40' title='bbox 409 981 555 1046; x_wconf 82' lang='lat' dir='ltr'>Tacitum</span> <span class='ocrx_word' id='word_1_41' title='bbox 588 980 787 1066; x_wconf 84' lang='lat' dir='ltr'>supprimere</span> <span class='ocrx_word' id='word_1_42' title='bbox 822 983 927 1046; x_wconf 87' lang='lat' dir='ltr'>solere</span> <span class='ocrx_word' id='word_1_43' title='bbox 958 983 1092 1047; x_wconf 81' lang='lat' dir='ltr'>verbum</span> 
     </span>
     <span class='ocr_line' id='line_1_8' title="bbox 182 1084 1090 1169; baseline 0.001 -19"><span class='ocrx_word' id='word_1_44' title='bbox 182 1105 250 1166; x_wconf 87' lang='lat' dir='ltr'>esse,</span> <span class='ocrx_word' id='word_1_45' title='bbox 273 1087 466 1169; x_wconf 86' lang='lat' dir='ltr'>ubicumque</span> <span class='ocrx_word' id='word_1_46' title='bbox 489 1085 521 1148; x_wconf 91' lang='lat' dir='ltr'>id</span> <span class='ocrx_word' id='word_1_47' title='bbox 541 1085 610 1148; x_wconf 90' lang='lat' dir='ltr'>sine</span> <span class='ocrx_word' id='word_1_48' title='bbox 633 1105 745 1149; x_wconf 89' lang='lat' dir='ltr'>sensus</span> <span class='ocrx_word' id='word_1_49' title='bbox 766 1084 958 1150; x_wconf 89' lang='lat' dir='ltr'>detrimento</span> <span class='ocrx_word' id='word_1_50' title='bbox 976 1087 1090 1151; x_wconf 90' lang='lat' dir='ltr'>abesse</span> 
     </span>
     <span class='ocr_line' id='line_1_9' title="bbox 183 1187 1091 1276; baseline 0 -22"><span class='ocrx_word' id='word_1_51' title='bbox 183 1197 292 1276; x_wconf 88' lang='lat' dir='ltr'>potest</span> <span class='ocrx_word' id='word_1_52' title='bbox 322 1188 375 1270; x_wconf 88' lang='lat' dir='ltr'>(cf.</span> <span class='ocrx_word' id='word_1_53' title='bbox 399 1189 475 1252; x_wconf 85' lang='lat'>12:</span> <span class='ocrx_word' id='word_1_54' title='bbox 504 1187 669 1272; x_wconf 81' lang='lat' dir='ltr'>Postqnern</span> <span class='ocrx_word' id='word_1_55' title='bbox 692 1187 792 1252; x_wconf 88' lang='lat' dir='ltr'>Bruto</span> <span class='ocrx_word' id='word_1_56' title='bbox 817 1195 844 1251; x_wconf 85' lang='lat' dir='ltr'>et</span> <span class='ocrx_word' id='word_1_57' title='bbox 867 1187 970 1253; x_wconf 81' lang='lat' dir='ltr'>Cassio</span> <span class='ocrx_word' id='word_1_58' title='bbox 999 1192 1091 1254; x_wconf 71' lang='lat' dir='ltr'>cuens</span> 
     </span>
     <span class='ocr_line' id='line_1_10' title="bbox 182 1292 1089 1377; baseline -0.001 -19"><span class='ocrx_word' id='word_1_59' title='bbox 182 1295 270 1358; x_wconf 79' lang='lat' dir='ltr'>nullu</span> <span class='ocrx_word' id='word_1_60' title='bbox 291 1296 356 1358; x_wconf 82' lang='lat' dir='ltr'>iarn</span> <span class='ocrx_word' id='word_1_61' title='bbox 374 1293 498 1377; x_wconf 85' lang='lat' dir='ltr'>publicu</span> <span class='ocrx_word' id='word_1_62' title='bbox 519 1313 627 1372; x_wconf 86' lang='lat' dir='ltr'>arma,</span> <span class='ocrx_word' id='word_1_63' title='bbox 655 1292 819 1376; x_wconf 85' lang='lat' dir='ltr'>Pompeius</span> <span class='ocrx_word' id='word_1_64' title='bbox 843 1292 930 1376; x_wconf 86' lang='lat' dir='ltr'>apud</span> <span class='ocrx_word' id='word_1_65' title='bbox 952 1293 1089 1357; x_wconf 85' lang='lat' dir='ltr'>Siciiinrn</span> 
     </span>
     <span class='ocr_line' id='line_1_11' title="bbox 183 1395 1091 1482; baseline 0 -20"><span class='ocrx_word' id='word_1_66' title='bbox 183 1417 343 1482; x_wconf 86' lang='lat' dir='ltr'>oppressus</span> <span class='ocrx_word' id='word_1_67' title='bbox 373 1404 518 1482; x_wconf 72' lang='lat' dir='ltr'>natoque</span> <span class='ocrx_word' id='word_1_68' title='bbox 547 1395 679 1480; x_wconf 85' lang='lat' dir='ltr'>Lepido,</span> <span class='ocrx_word' id='word_1_69' title='bbox 710 1396 864 1480; x_wconf 82' lang='lat' dir='ltr'>interfecto</span> <span class='ocrx_word' id='word_1_70' title='bbox 891 1399 1024 1462; x_wconf 90' lang='lat' dir='ltr'>Antonio</span> <span class='ocrx_word' id='word_1_71' title='bbox 1054 1420 1091 1462; x_wconf 92' lang='lat' dir='ltr'>ne</span> 
     </span>
     <span class='ocr_line' id='line_1_12' title="bbox 182 1498 1137 1586; baseline 0.002 -22"><span class='ocrx_word' id='word_1_72' title='bbox 182 1500 317 1565; x_wconf 81' lang='lat' dir='ltr'>Iulianis</span> <span class='ocrx_word' id='word_1_73' title='bbox 332 1499 453 1585; x_wconf 83' lang='lat' dir='ltr'>quiden</span> <span class='ocrx_word' id='word_1_74' title='bbox 465 1499 609 1584; x_wconf 85' lang='lat' dir='ltr'>pertibus</span> <span class='ocrx_word' id='word_1_75' title='bbox 623 1500 687 1562; x_wconf 88' lang='lat' dir='ltr'>nisi</span> <span class='ocrx_word' id='word_1_76' title='bbox 696 1498 809 1562; x_wconf 81' lang='lat' dir='ltr'>Cacsar</span> <span class='ocrx_word' id='word_1_77' title='bbox 823 1498 889 1563; x_wconf 83' lang='lat' dir='ltr'>dun</span> <span class='ocrx_word' id='word_1_78' title='bbox 903 1500 1054 1586; x_wconf 78' lang='lat' dir='ltr'>retr&#39;quus.</span> <span class='ocrx_word' id='word_1_79' title='bbox 1065 1551 1089 1566; x_wconf 89' lang='lat'>..</span> <span class='ocrx_word' id='word_1_80' title='bbox 1134 1521 1137 1530; x_wconf 84' lang='grc'><strong>’</strong></span> 
     </span>
     <span class='ocr_line' id='line_1_13' title="bbox 182 1603 1092 1690; baseline 0 -20"><span class='ocrx_word' id='word_1_81' title='bbox 182 1607 200 1670; x_wconf 95' lang='grc' dir='ltr'>Ι</span> <span class='ocrx_word' id='word_1_82' title='bbox 223 1609 243 1668; x_wconf 85' lang='grc'>4</span> <span class='ocrx_word' id='word_1_83' title='bbox 265 1605 368 1690; x_wconf 75' lang='lat' dir='ltr'>Ipitur</span> <span class='ocrx_word' id='word_1_84' title='bbox 388 1625 472 1669; x_wconf 86' lang='lat' dir='ltr'>uerso</span> <span class='ocrx_word' id='word_1_85' title='bbox 494 1605 620 1668; x_wconf 78' lang='lat' dir='ltr'>ciuitates</span> <span class='ocrx_word' id='word_1_86' title='bbox 641 1609 722 1667; x_wconf 82' lang='lat' dir='ltr'>stetu</span> <span class='ocrx_word' id='word_1_87' title='bbox 744 1603 823 1668; x_wconf 81' lang='lat' dir='ltr'>nibil</span> <span class='ocrx_word' id='word_1_88' title='bbox 842 1624 975 1688; x_wconf 80' lang='lat' dir='ltr'>usquam</span> <span class='ocrx_word' id='word_1_89' title='bbox 995 1608 1092 1690; x_wconf 86' lang='lat' dir='ltr'>prisci</span> 
     </span>
     <span class='ocr_line' id='line_1_14' title="bbox 182 1707 1091 1794; baseline -0.001 -20"><span class='ocrx_word' id='word_1_90' title='bbox 182 1711 342 1794; x_wconf 81' lang='lat' dir='ltr'>etintepri</span> <span class='ocrx_word' id='word_1_91' title='bbox 362 1711 457 1773; x_wconf 85' lang='lat' dir='ltr'>meris</span> <span class='ocrx_word' id='word_1_92' title='bbox 575 1708 635 1771; x_wconf 88' lang='grc'>18</span> <span class='ocrx_word' id='word_1_93' title='bbox 665 1707 754 1770; x_wconf 85' lang='lat' dir='ltr'>Nibil</span> <span class='ocrx_word' id='word_1_94' title='bbox 772 1708 876 1790; x_wconf 87' lang='lat' dir='ltr'>primo</span> <span class='ocrx_word' id='word_1_95' title='bbox 898 1715 1021 1773; x_wconf 84' lang='lat' dir='ltr'>senatus</span> <span class='ocrx_word' id='word_1_96' title='bbox 1042 1709 1091 1773; x_wconf 88' lang='lat' dir='ltr'>die</span> 
     </span>
     <span class='ocr_line' id='line_1_15' title="bbox 182 1811 1089 1898; baseline 0 -21"><span class='ocrx_word' id='word_1_97' title='bbox 182 1816 235 1898; x_wconf 74' lang='lat' dir='ltr'>opi</span> <span class='ocrx_word' id='word_1_98' title='bbox 268 1833 381 1897; x_wconf 88' lang='lat' dir='ltr'>pessus</span> <span class='ocrx_word' id='word_1_99' title='bbox 413 1813 475 1876; x_wconf 86' lang='lat' dir='ltr'>nisi</span> <span class='ocrx_word' id='word_1_100' title='bbox 510 1811 547 1876; x_wconf 92' lang='lat' dir='ltr'>de</span> <span class='ocrx_word' id='word_1_101' title='bbox 575 1813 728 1895; x_wconf 81' lang='lat' dir='ltr'>suprenns</span> <span class='ocrx_word' id='word_1_102' title='bbox 759 1813 893 1896; x_wconf 79' lang='lat' dir='ltr'>Aupusti</span> <span class='ocrx_word' id='word_1_103' title='bbox 1020 1814 1037 1877; x_wconf 92' lang='lat' dir='ltr'>I</span> <span class='ocrx_word' id='word_1_104' title='bbox 1070 1817 1089 1877; x_wconf 87' lang='grc'>9</span> 
     </span>
     <span class='ocr_line' id='line_1_16' title="bbox 184 1916 1091 2001; baseline -0.001 -20"><span class='ocrx_word' id='word_1_105' title='bbox 184 1917 304 1982; x_wconf 83' lang='lat' dir='ltr'>Multus</span> <span class='ocrx_word' id='word_1_106' title='bbox 324 1918 396 1981; x_wconf 86' lang='lat' dir='ltr'>binc</span> <span class='ocrx_word' id='word_1_107' title='bbox 416 1918 481 2001; x_wconf 89' lang='lat' dir='ltr'>ipso</span> <span class='ocrx_word' id='word_1_108' title='bbox 503 1916 539 1982; x_wconf 87' lang='lat' dir='ltr'>de</span> <span class='ocrx_word' id='word_1_109' title='bbox 556 1918 695 2000; x_wconf 78' lang='lat' dir='ltr'>Aupusto</span> <span class='ocrx_word' id='word_1_110' title='bbox 713 1936 810 1980; x_wconf 81' lang='lat' dir='ltr'>sermo</span> <span class='ocrx_word' id='word_1_111' title='bbox 829 1965 835 1979; x_wconf 95' lang='lat'>.</span> <span class='ocrx_word' id='word_1_112' title='bbox 854 1965 886 1982; x_wconf 86' lang='lat'>..</span> <span class='ocrx_word' id='word_1_113' title='bbox 924 1917 941 1980; x_wconf 93' lang='lat' dir='ltr'>I</span> <span class='ocrx_word' id='word_1_114' title='bbox 960 1920 995 1980; x_wconf 94' lang='lat' dir='ltr'>ll</span> <span class='ocrx_word' id='word_1_115' title='bbox 1019 1917 1091 1981; x_wconf 89' lang='lat' dir='ltr'>Ver·</span> 
     </span>
     <span class='ocr_line' id='line_1_17' title="bbox 183 2019 1091 2104; baseline 0.001 -19"><span class='ocrx_word' id='word_1_116' title='bbox 183 2041 234 2085; x_wconf 86' lang='lat' dir='ltr'>sae</span> <span class='ocrx_word' id='word_1_117' title='bbox 256 2019 391 2085; x_wconf 82' lang='lat' dir='ltr'>indeed</span> <span class='ocrx_word' id='word_1_118' title='bbox 416 2020 573 2086; x_wconf 83' lang='lat' dir='ltr'>Tiberium</span> <span class='ocrx_word' id='word_1_119' title='bbox 590 2040 743 2104; x_wconf 88' lang='lat' dir='ltr'>preces..</span> <span class='ocrx_word' id='word_1_120' title='bbox 762 2019 801 2101; x_wconf 84' lang='lat'>.)‚</span> <span class='ocrx_word' id='word_1_121' title='bbox 832 2021 908 2104; x_wconf 90' lang='lat' dir='ltr'>quin</span> <span class='ocrx_word' id='word_1_122' title='bbox 933 2022 1030 2086; x_wconf 84' lang='lat' dir='ltr'>etiem</span> <span class='ocrx_word' id='word_1_123' title='bbox 1052 2023 1091 2086; x_wconf 90' lang='lat' dir='ltr'>iis</span> 
     </span>
     <span class='ocr_line' id='line_1_18' title="bbox 183 2123 1090 2208; baseline -0.001 -19"><span class='ocrx_word' id='word_1_124' title='bbox 183 2126 280 2208; x_wconf 83' lang='lat' dir='ltr'>loeis,</span> <span class='ocrx_word' id='word_1_125' title='bbox 301 2126 357 2190; x_wconf 93' lang='lat' dir='ltr'>ubi</span> <span class='ocrx_word' id='word_1_126' title='bbox 379 2146 439 2190; x_wconf 94' lang='lat' dir='ltr'>nos</span> <span class='ocrx_word' id='word_1_127' title='bbox 462 2125 495 2190; x_wconf 88' lang='lat' dir='ltr'>id</span> <span class='ocrx_word' id='word_1_128' title='bbox 512 2126 667 2190; x_wconf 81' lang='lat' dir='ltr'>&#39;omittere</span> <span class='ocrx_word' id='word_1_129' title='bbox 693 2123 911 2188; x_wconf 84' lang='lat' dir='ltr'>dubitaremus</span> <span class='ocrx_word' id='word_1_130' title='bbox 935 2125 988 2206; x_wconf 86' lang='lat' dir='ltr'>(cf.</span> <span class='ocrx_word' id='word_1_131' title='bbox 1010 2125 1027 2188; x_wconf 93' lang='grc' dir='ltr'><strong>Ι</strong></span> <span class='ocrx_word' id='word_1_132' title='bbox 1051 2128 1090 2188; x_wconf 75' lang='lat'>72</span> 
     </span>
     <span class='ocr_line' id='line_1_19' title="bbox 182 2227 1091 2314; baseline 0 -22"><span class='ocrx_word' id='word_1_133' title='bbox 182 2237 296 2313; x_wconf 81' lang='lat' dir='ltr'>quanto</span> <span class='ocrx_word' id='word_1_134' title='bbox 324 2231 393 2314; x_wconf 80' lang='lat' dir='ltr'>quis</span> <span class='ocrx_word' id='word_1_135' title='bbox 419 2230 581 2293; x_wconf 68' lang='lat' dir='ltr'>inlustrior</span> <span class='ocrx_word' id='word_1_136' title='bbox 608 2235 691 2291; x_wconf 83' lang='lat' dir='ltr'>tanto</span> <span class='ocrx_word' id='word_1_137' title='bbox 720 2229 820 2311; x_wconf 80' lang='lat' dir='ltr'>rnupis</span> <span class='ocrx_word' id='word_1_138' title='bbox 840 2227 925 2309; x_wconf 76' lang='lat' dir='ltr'>sotei</span> <span class='ocrx_word' id='word_1_139' title='bbox 952 2249 988 2291; x_wconf 87' lang='lat' dir='ltr'>ec</span> <span class='ocrx_word' id='word_1_140' title='bbox 1002 2228 1091 2310; x_wconf 80' lang='lat' dir='ltr'>sesti·</span> 
     </span>
     <span class='ocr_line' id='line_1_20' title="bbox 183 2332 1092 2417; baseline 0.002 -21"><span class='ocrx_word' id='word_1_141' title='bbox 183 2339 290 2396; x_wconf 78' lang='lat' dir='ltr'>neuin</span> <span class='ocrx_word' id='word_1_142' title='bbox 319 2333 462 2417; x_wconf 82' lang='lat' dir='ltr'>vultuque</span> <span class='ocrx_word' id='word_1_143' title='bbox 492 2334 665 2416; x_wconf 64' lang='lat' dir='ltr'>cunmutc,</span> <span class='ocrx_word' id='word_1_144' title='bbox 696 2353 733 2395; x_wconf 87' lang='lat' dir='ltr'>ne</span> <span class='ocrx_word' id='word_1_145' title='bbox 761 2332 832 2395; x_wconf 82' lang='lat' dir='ltr'>loeti</span> <span class='ocrx_word' id='word_1_146' title='bbox 858 2353 976 2397; x_wconf 76' lang='lat' dir='ltr'>excessu</span> <span class='ocrx_word' id='word_1_147' title='bbox 1002 2335 1092 2417; x_wconf 87' lang='lat' dir='ltr'>prin·</span> 
     </span>
     <span class='ocr_line' id='line_1_21' title="bbox 183 2437 1093 2524; baseline 0.003 -25"><span class='ocrx_word' id='word_1_148' title='bbox 183 2438 258 2520; x_wconf 86' lang='lat' dir='ltr'>cipis</span> <span class='ocrx_word' id='word_1_149' title='bbox 269 2457 328 2502; x_wconf 90' lang='lat' dir='ltr'>neu</span> <span class='ocrx_word' id='word_1_150' title='bbox 339 2438 438 2500; x_wconf 80' lang='lat' dir='ltr'>tristes</span> <span class='ocrx_word' id='word_1_151' title='bbox 445 2437 627 2520; x_wconf 85' lang='lat' dir='ltr'>primordio,</span> <span class='ocrx_word' id='word_1_152' title='bbox 638 2438 783 2502; x_wconf 84' lang='lat' dir='ltr'>lacrimas</span> <span class='ocrx_word' id='word_1_153' title='bbox 795 2437 957 2521; x_wconf 75' lang='lat' dir='ltr'>pendium,</span> <span class='ocrx_word' id='word_1_154' title='bbox 972 2446 1093 2524; x_wconf 80' lang='lat' dir='ltr'>questus</span> 
     </span>
     <span class='ocr_line' id='line_1_22' title="bbox 183 2540 1092 2622; baseline 0.002 -18"><span class='ocrx_word' id='word_1_155' title='bbox 183 2540 389 2604; x_wconf 79' lang='lat' dir='ltr'>adulationem</span> <span class='ocrx_word' id='word_1_156' title='bbox 415 2540 592 2622; x_wconf 82' lang='lat' dir='ltr'>miscebunt,</span> <span class='ocrx_word' id='word_1_157' title='bbox 620 2541 676 2606; x_wconf 94' lang='lat' dir='ltr'>ubi</span> <span class='ocrx_word' id='word_1_158' title='bbox 701 2547 787 2620; x_wconf 88' lang='lat' dir='ltr'>esset,</span> <span class='ocrx_word' id='word_1_159' title='bbox 817 2547 850 2607; x_wconf 89' lang='lat' dir='ltr'>et</span> <span class='ocrx_word' id='word_1_160' title='bbox 871 2541 889 2604; x_wconf 94' lang='lat' dir='ltr'>I</span> <span class='ocrx_word' id='word_1_161' title='bbox 913 2545 954 2606; x_wconf 82' lang='lat' dir='ltr'>be</span> <span class='ocrx_word' id='word_1_162' title='bbox 980 2543 1092 2606; x_wconf 80' lang='lat' dir='ltr'>multas</span> 
     </span>
     <span class='ocr_line' id='line_1_23' title="bbox 183 2643 1092 2731; baseline 0.003 -23"><span class='ocrx_word' id='word_1_163' title='bbox 183 2645 246 2708; x_wconf 83' lang='lat' dir='ltr'>illio</span> <span class='ocrx_word' id='word_1_164' title='bbox 269 2645 421 2728; x_wconf 82' lang='lat' dir='ltr'>utrimque</span> <span class='ocrx_word' id='word_1_165' title='bbox 443 2643 588 2708; x_wconf 72' lang='lat' dir='ltr'>unimus</span> <span class='ocrx_word' id='word_1_166' title='bbox 609 2651 636 2708; x_wconf 86' lang='lat' dir='ltr'>et</span> <span class='ocrx_word' id='word_1_167' title='bbox 655 2646 745 2728; x_wconf 76' lang='lat' dir='ltr'>sipnu</span> <span class='ocrx_word' id='word_1_168' title='bbox 759 2647 905 2726; x_wconf 76' lang='lat' dir='ltr'>cordatis,</span> <span class='ocrx_word' id='word_1_169' title='bbox 928 2647 1092 2731; x_wconf 84' lang='lat' dir='ltr'>ubifuisse</span> 
     </span>
     <span class='ocr_line' id='line_1_24' title="bbox 184 2748 1090 2836; baseline 0.001 -22"><span class='ocrx_word' id='word_1_170' title='bbox 184 2748 438 2833; x_wconf 82' lang='lat' dir='ltr'>intellegendum</span> <span class='ocrx_word' id='word_1_171' title='bbox 462 2750 542 2831; x_wconf 83' lang='lat' dir='ltr'>est),</span> <span class='ocrx_word' id='word_1_172' title='bbox 569 2771 646 2814; x_wconf 88' lang='lat' dir='ltr'>num</span> <span class='ocrx_word' id='word_1_173' title='bbox 670 2749 802 2814; x_wconf 89' lang='lat' dir='ltr'>credere</span> <span class='ocrx_word' id='word_1_174' title='bbox 828 2751 1003 2836; x_wconf 89' lang='lat' dir='ltr'>poterimus</span> <span class='ocrx_word' id='word_1_175' title='bbox 1027 2752 1090 2815; x_wconf 89' lang='lat' dir='ltr'>duo</span> 
     </span>
     <span class='ocr_line' id='line_1_25' title="bbox 184 2852 1093 2937; baseline 0 -19"><span class='ocrx_word' id='word_1_176' title='bbox 184 2855 240 2918; x_wconf 88' lang='lat' dir='ltr'>illa</span> <span class='ocrx_word' id='word_1_177' title='bbox 281 2861 353 2918; x_wconf 89' lang='lat' dir='ltr'>sunt</span> <span class='ocrx_word' id='word_1_178' title='bbox 386 2854 417 2934; x_wconf 91' lang='lat' dir='ltr'>(I</span> <span class='ocrx_word' id='word_1_179' title='bbox 448 2852 541 2934; x_wconf 86' lang='lat'>110):</span> <span class='ocrx_word' id='word_1_180' title='bbox 582 2853 634 2918; x_wconf 88' lang='lat' dir='ltr'>sed</span> <span class='ocrx_word' id='word_1_181' title='bbox 669 2856 774 2918; x_wconf 85' lang='lat' dir='ltr'>ueteris</span> <span class='ocrx_word' id='word_1_182' title='bbox 803 2855 915 2937; x_wconf 83' lang='lat' dir='ltr'>popuii</span> <span class='ocrx_word' id='word_1_183' title='bbox 949 2855 1093 2935; x_wconf 77' lang='lat' dir='ltr'>Burrieni,</span> 
     </span>
    </p>
   </div>
   <div class='ocr_carea' id='block_1_5' title="bbox 179 2956 1093 3569">
    <p class='ocr_par' dir='ltr' id='par_1_5' title="bbox 179 2956 1093 3569">
     <span class='ocr_line' id='line_1_26' title="bbox 179 2956 1093 3042; baseline 0.003 -21"><span class='ocrx_word' id='word_1_184' title='bbox 179 2978 331 3042; x_wconf 87' lang='lat' dir='ltr'>prospere</span> <span class='ocrx_word' id='word_1_185' title='bbox 359 2958 404 3022; x_wconf 84' lang='lat' dir='ltr'>net</span> <span class='ocrx_word' id='word_1_186' title='bbox 431 2956 560 3022; x_wconf 79' lang='lat' dir='ltr'>udense</span> <span class='ocrx_word' id='word_1_187' title='bbox 587 2959 680 3022; x_wconf 84' lang='lat' dir='ltr'>cleris</span> <span class='ocrx_word' id='word_1_188' title='bbox 706 2959 904 3042; x_wconf 79' lang='lat' dir='ltr'>scriptoribus</span> <span class='ocrx_word' id='word_1_189' title='bbox 925 2967 1093 3024; x_wconf 84' lang='lat' dir='ltr'>memorate</span> 
     </span>
     <span class='ocr_line' id='line_1_27' title="bbox 183 3063 1093 3150; baseline 0.002 -22"><span class='ocrx_word' id='word_1_190' title='bbox 183 3063 287 3144; x_wconf 82' lang='lat' dir='ltr'>suut3</span> <span class='ocrx_word' id='word_1_191' title='bbox 317 3065 499 3148; x_wconf 76' lang='lat' dir='ltr'>temporibus</span> <span class='ocrx_word' id='word_1_192' title='bbox 527 3063 681 3150; x_wconf 86' lang='lat' dir='ltr'>qu[oqu]e</span> <span class='ocrx_word' id='word_1_193' title='bbox 707 3066 843 3149; x_wconf 73' lang='lat' dir='ltr'>Anpusti</span> <span class='ocrx_word' id='word_1_194' title='bbox 869 3065 1004 3130; x_wconf 80' lang='lat' dir='ltr'>dicendis</span> <span class='ocrx_word' id='word_1_195' title='bbox 1031 3088 1093 3130; x_wconf 92' lang='lat' dir='ltr'>non</span> 
     </span>
     <span class='ocr_line' id='line_1_28' title="bbox 183 3167 1093 3254; baseline 0.002 -22"><span class='ocrx_word' id='word_1_196' title='bbox 183 3167 309 3251; x_wconf 82' lang='lat' dir='ltr'>defuere</span> <span class='ocrx_word' id='word_1_197' title='bbox 336 3168 444 3234; x_wconf 76' lang='lat' dir='ltr'>dnore</span> <span class='ocrx_word' id='word_1_198' title='bbox 474 3170 614 3253; x_wconf 74' lang='lat' dir='ltr'>inperia,</span> <span class='ocrx_word' id='word_1_199' title='bbox 644 3168 735 3233; x_wconf 80' lang='lat' dir='ltr'>dorree</span> <span class='ocrx_word' id='word_1_200' title='bbox 760 3169 898 3254; x_wconf 75' lang='lat' dir='ltr'>pincente</span> <span class='ocrx_word' id='word_1_201' title='bbox 919 3170 1093 3234; x_wconf 79' lang='lat' dir='ltr'>adulatione</span> 
     </span>
     <span class='ocr_line' id='line_1_29' title="bbox 182 3272 1093 3358; baseline 0 -20"><span class='ocrx_word' id='word_1_202' title='bbox 182 3273 421 3338; x_wconf 75' lang='lat' dir='ltr'>duereenur:</span> <span class='ocrx_word' id='word_1_203' title='bbox 447 3272 563 3338; x_wconf 86' lang='lat' dir='ltr'>Tiberii</span> <span class='ocrx_word' id='word_1_204' title='bbox 580 3272 698 3358; x_wconf 56' lang='lat' dir='ltr'>Genua</span> <span class='ocrx_word' id='word_1_205' title='bbox 714 3280 742 3337; x_wconf 87' lang='lat' dir='ltr'>et</span> <span class='ocrx_word' id='word_1_206' title='bbox 761 3272 887 3337; x_wconf 82' lang='lat' dir='ltr'>Claudii</span> <span class='ocrx_word' id='word_1_207' title='bbox 908 3294 943 3336; x_wconf 89' lang='lat' dir='ltr'>ac</span> <span class='ocrx_word' id='word_1_208' title='bbox 961 3273 1093 3338; x_wconf 88' lang='lat' dir='ltr'>Neronis</span> 
     </span>
     <span class='ocr_line' id='line_1_30' title="bbox 182 3377 1092 3463; baseline 0.002 -23"><span class='ocrx_word' id='word_1_209' title='bbox 182 3397 231 3440; x_wconf 90' lang='lat' dir='ltr'>res</span> <span class='ocrx_word' id='word_1_210' title='bbox 255 3377 438 3458; x_wconf 82' lang='lat' dir='ltr'>florentibrrs</span> <span class='ocrx_word' id='word_1_211' title='bbox 470 3379 545 3461; x_wconf 84' lang='lat' dir='ltr'>ipsis</span> <span class='ocrx_word' id='word_1_212' title='bbox 574 3378 609 3442; x_wconf 86' lang='lat' dir='ltr'>ob</span> <span class='ocrx_word' id='word_1_213' title='bbox 639 3384 753 3441; x_wconf 83' lang='lat' dir='ltr'>metum</span> <span class='ocrx_word' id='word_1_214' title='bbox 776 3377 898 3460; x_wconf 81' lang='lat' dir='ltr'>fabsoe,</span> <span class='ocrx_word' id='word_1_215' title='bbox 929 3386 1092 3463; x_wconf 79' lang='lat' dir='ltr'>postquem</span> 
     </span>
     <span class='ocr_line' id='line_1_31' title="bbox 182 3481 1093 3569; baseline 0.002 -23"><span class='ocrx_word' id='word_1_216' title='bbox 182 3481 366 3563; x_wconf 68' lang='lat' dir='ltr'>conduent,</span> <span class='ocrx_word' id='word_1_217' title='bbox 391 3483 557 3548; x_wconf 84' lang='lat' dir='ltr'>recentibus</span> <span class='ocrx_word' id='word_1_218' title='bbox 578 3482 656 3548; x_wconf 84' lang='lat' dir='ltr'>odir&#39;s</span> <span class='ocrx_word' id='word_1_219' title='bbox 677 3484 854 3566; x_wconf 64' lang='lat' dir='ltr'>cunmdtue</span> <span class='ocrx_word' id='word_1_220' title='bbox 877 3484 962 3548; x_wconf 89' lang='lat' dir='ltr'>sunt</span> <span class='ocrx_word' id='word_1_221' title='bbox 992 3484 1093 3569; x_wconf 90' lang='lat' dir='ltr'>ipsius</span> 
     </span>
    </p>
   </div>
   <div class='ocr_carea' id='block_1_6' title="bbox 0 0 1257 4010">
    <p class='ocr_par' dir='ltr' id='par_1_6' title="bbox 0 0 1257 4010">
     <span class='ocr_line' id='line_1_32' title="bbox 0 0 1257 4010; baseline 0 0"><span class='ocrx_word' id='word_1_222' title='bbox 0 0 1257 4010; x_wconf 95' lang='lat' dir='ltr'> </span> 
     </span>
    </p>
   </div>
  </div>
 </body>
</html>
