2444 4010
280 281 318 319 su
332 280 457 320 uxonssu
471 279 536 320 mur
549 279 677 320 sueusrr
689 279 724 319 111
737 279 822 320 oe-se.
952 273 1007 331 133

100 459 206 502 rerum
221 436 434 502 seeundorum
451 437 731 522 adversarumque.
762 439 887 503 addidit
904 459 1008 523 pauoa

99 543 224 608 Drusus
247 541 288 607 de
311 541 513 606 matrimonio
538 563 613 625 suo;
636 563 710 607 nam
732 542 927 628 principibus
950 540 1006 608 sd-

100 645 205 711 eunda
226 646 354 732 saepius
376 646 552 732 longinqua
566 647 703 732 imperii.
733 648 882 733 quotiens
898 647 1007 713 dirum

98 750 284 834 Augustum
298 751 333 815 in
348 750 549 828 occidentem
564 758 661 836 atque
678 753 835 816 orientem
849 751 1006 816 meavisse

98 856 214 920 eomite
236 854 345 922 Liria!
373 877 408 920 se
430 877 560 941 quoque
583 856 617 921 in
637 854 804 940 Illyricum
826 855 1042 940 profectumo

98 966 140 1042 et,
164 960 191 1024 si
211 961 257 1024 ita
276 961 443 1043 eonduoat,
466 959 545 1024 alias
567 959 609 1024 ad
632 966 747 1046 gentes
769 953 896 1042 iturum,
919 959 1006 1024 haud

98 1085 226 1148 semper
253 1084 357 1148 aequo
387 1064 512 1146 animo,
541 1064 569 1128 si
596 1063 636 1128 ab
660 1084 762 1129 uxore
790 1063 951 1128 carissima
974 1070 1006 1128 et

97 1173 146 1231 tot
176 1167 392 1231 communium
420 1166 596 1233 liberorum
624 1175 758 1254 parente
789 1167 1006 1234 divelleretur.

97 1272 142 1335 sio
168 1269 326 1336 Caecinae
349 1271 509 1336 sententia
531 1272 629 1336 elusa.

163 1375 215 1440 35.
244 1374 398 1442 Proximo
418 1381 548 1440 senatus
568 1374 620 1440 die
637 1375 785 1441 Tiberius
802 1397 860 1462 per
874 1376 1008 1457 litteras,

98 1476 259 1560 castigetis
283 1477 411 1563 oblique
441 1479 585 1563 patribus
614 1478 702 1563 quod
725 1489 839 1546 ounota
862 1502 1009 1545 curarum

97 1582 139 1646 ed
162 1581 340 1668 prinoipem
362 1582 537 1665 reieerent‚
563 1581 619 1646 M’.
641 1582 802 1668 Lepidum
825 1589 857 1648 et
879 1567 1009 1649 Iunium

97 1687 251 1752 Blaesum
271 1686 458 1768 nominavit,
482 1708 525 1752 ex
548 1687 618 1772 quis
641 1708 700 1772 pro
724 1688 856 1754 oonsule
878 1687 1008 1754 Africae

97 1792 273 1876 legeretur.
311 1797 380 1856 tum
401 1791 512 1856 audita
534 1791 702 1856 amborum
724 1791 832 1874 verba,
855 1791 1031 1858 intentiuss

97 1900 274 1960 exeusonte
297 1915 332 1960 se
354 1894 491 1979 Lepido,
515 1916 589 1959 oum
610 1893 832 1962 valetudinem
854 1895 1008 1979 eorporis,

96 2005 239 2063 oetatem
260 1998 413 2080 liberum,
444 1997 587 2064 nubilem
613 1997 711 2064 filiam
740 1998 933 2063 obtenderet
961 1998 1009 2066 iu·

96 2103 373 2192 tellegereturque
406 2103 503 2167 etiam
534 2103 620 2189 quod
654 2103 782 2185 silebat,
816 2103 1011 2168 erunoulum

97 2227 169 2272 esse
192 2205 301 2270 Seiani
322 2206 475 2271 Blaesum
499 2213 596 2292 atque
619 2226 659 2271 eo
684 2206 914 2292 praevalidum.
957 2226 1008 2270 re·

97 2310 229 2396 spondit
238 2310 375 2375 Blaesus
385 2311 494 2395 speeie
506 2311 694 2396 recusantis,
710 2311 768 2376 sed
779 2331 885 2396 neque
896 2308 1011 2376 eadem
1020 2328 1044 2368 10

96 2413 344 2480 adseveratione
368 2419 401 2478 et
424 2434 583 2479 oonseusu
605 2415 806 2481 adulantium
827 2413 966 2478 adiutus.

161 2518 215 2581 36.
247 2516 343 2582 Exim
371 2523 556 2603 promptum
584 2519 672 2604 quod
693 2519 869 2586 multorum
891 2519 1011 2583 intimis

96 2621 264 2707 questibus
294 2622 474 2706 tegebatur.
519 2622 691 2688 inoodebet
720 2624 806 2688 enim
836 2623 1009 2688 deterrimo

97 2727 214 2811 suique
236 2725 366 2790 lieentia
387 2727 518 2811 impune
542 2727 660 2812 probra
679 2732 713 2792 et
728 2726 880 2792 invidiam
903 2725 937 2791 in
952 2725 1009 2790 bo·

96 2852 157 2895 nos
172 2829 337 2896 excitandi
351 2837 480 2915 arrepta
494 2830 635 2916 imagine
653 2830 816 2914 Caesaris,
839 2829 1008 2915 libertique

98 2933 195 2999 etiam
225 2954 262 2998 ao
285 2933 370 2998 servi
391 2939 528 3018 patrono
551 2935 604 3000 rel
628 2933 777 3017 domino,
808 2956 881 3000 oum
902 2956 1032 3016 voees,s

99 3059 171 3103 oum
185 3058 299 3102 manus
314 3038 521 3121 intentarent,
539 3039 624 3104 ultro
639 3038 875 3105 metuebantur.
912 3039 1010 3124 igitur

101 3141 136 3206 Ο.
153 3141 281 3206 Cestius
304 3148 434 3208 senator
455 3143 607 3208 disseruit
629 3143 790 3229 prinsipes
813 3127 943 3228 quidem
961 3142 1008 3206 in·

101 3251 164 3310 star
194 3244 329 3312 deorum
360 3268 446 3329 esse,
476 3247 534 3311 sed
563 3267 669 3332 neque
699 3268 718 3311 a
748 3245 796 3311 dis
825 3245 887 3309 nisi
909 3245 1009 3312 iustas

101 3351 280 3436 supplicum
295 3373 408 3438 preoes
422 3351 529 3417 audiri
542 3373 648 3436 neque
661 3371 856 3436 quemquam
868 3349 902 3412 in
915 3349 1010 3435 Capi·

101 3454 212 3520 tolium
235 3456 338 3522 abere
361 3457 449 3521 urbis
472 3457 594 3541 templa
616 3455 797 3541 perfugere,
819 3462 855 3519 ut
879 3475 917 3520 eo
934 3456 1044 3522 sub-10

152 3567 271 3607 cornelius
284 3569 384 3607 Tacitus.
411 3568 428 3607 1.
836 3562 852 3611 8
