2482 4014
210 301 267 357 230
287 287 294 364 ,’
540 305 677 348 cornuum
690 306 788 345 sacrm

210 464 356 542 vertisse,
381 465 522 526 aurarias
545 462 808 546 argentariasque
826 462 904 542 cius,
928 485 1124 548 quamquam

186 566 455 651 spublicarentnr,
473 567 600 631 sibimet
611 566 760 632 Tiberius
774 566 929 650 seposuit.
959 567 1124 630 inritatus-

207 692 269 755 que
293 671 459 757 suppliciis
482 678 630 753 cunctos,
661 671 714 755 qui
744 690 873 734 carcere
903 670 1125 736 attinebantur

206 776 347 840 accusati
369 776 531 840 societatis
555 797 626 840 curn
650 774 778 853 Seiano,
801 775 909 840 necari
932 775 1031 840 iubet.
1074 777 1123 839 ia-

207 880 271 944 cuit
293 881 439 944 inmansa
462 885 600 962 strages,
630 879 734 942 omnis
757 899 870 959 sexus,
894 878 996 942 omnis
1019 885 1123 961 aetas,

205 975 356 1048 inlustres
378 983 548 1066 ignobiles,
573 981 710 1066 dispersi
736 987 791 1044 aut
814 981 969 1063 aggerati.
1014 1001 1122 1066 neque

174 1087 394 1172 10propinquis
423 1094 478 1151 aut
506 1087 616 1151 amicis
645 1087 800 1150 adsistere
828 1086 1046 1166 inlacrimare,
1078 1109 1122 1152 ne

131 1230 134 1236 ·
206 1193 310 1255 visere
342 1190 470 1274 quidem
502 1191 621 1254 diutius
652 1189 803 1272 dabatur,
833 1190 891 1254 sed
923 1191 1124 1254 circumiecti

207 1294 358 1358 custodes
375 1295 454 1358 etin
470 1316 651 1360 maerorem
675 1296 828 1380 cuiusque
844 1295 961 1358 intenti
984 1317 1123 1380 corpora

206 1400 385 1484 putrefacta
417 1398 677 1482 adsectabantur,
711 1399 787 1462 dum
817 1400 851 1482 in
880 1398 1023 1463 Tiberim
1055 1408 1121 1464 tra-

207 1503 369 1584 herentur,
392 1503 446 1566 ubi
469 1503 626 1567 fluitantia
648 1509 702 1566 aut
724 1502 802 1585 ripis
818 1501 954 1586 adpulsa
967 1523 1034 1566 nou
1051 1525 1121 1567 cre-

173 1634 197 1670 15
206 1629 293 1672 mare
310 1607 488 1691 quisquam,
505 1628 570 1670 non
583 1607 779 1690 contingere.
805 1606 1013 1671 interciderat
1025 1609 1123 1673 sortis

206 1710 364 1774 humanae
384 1710 610 1775 commercium
628 1711 659 1774 vi
674 1716 789 1789 metus,
813 1717 1032 1795 quantumque
1048 1733 1121 1777 sae·

206 1815 283 1878 vitia
305 1814 466 1896 glisceret,
489 1815 650 1878 miseratio
676 1815 853 1878 arcebatur.

271 1920 323 1982 20.
354 1919 419 1984 Sub
434 1919 522 1982 idem
534 1924 663 2002 tempus
677 1918 776 1982 Caius
791 1918 919 2001 Caesar,
936 1917 1124 1985 discedenti

207 2021 348 2106 Capreas
371 2045 430 2087 avo
454 2044 581 2105 comes,
613 2022 796 2105 Claudiam,
819 2023 863 2087 M.
887 2023 986 2088 Silani
1009 2023 1123 2108 filiam,

204 2127 354 2210 coniugio
379 2128 511 2211 accepit,
535 2128 707 2192 immanem
724 2127 866 2193 animum
889 2127 1025 2192 subdola
1047 2150 1123 2194 mo-

205 2229 308 2294 destia
329 2237 453 2314 tegens,
477 2254 542 2296 non
559 2233 763 2297 damnatione
782 2232 902 2314 matris,
925 2253 991 2296 non
1014 2233 1120 2298 exitio

184 2335 336 2399 sfratrum
345 2341 439 2419 rupta
448 2356 542 2417 voce3
555 2337 682 2421 qualem
694 2336 779 2400 diem
788 2336 936 2400 Tiberius
947 2336 1122 2421 induisset,

204 2439 274 2523 pari
288 2439 409 2520 habitu,
425 2438 510 2503 haud
525 2440 660 2503 multum
678 2439 868 2504 distantibus
884 2439 999 2503 verbis.
1027 2441 1122 2506 uude

204 2561 283 2603 mox
306 2541 420 2605 scitum
435 2541 580 2607 Passieni
604 2545 738 2608 oratoris
762 2544 882 2608 dictum
904 2544 1122 2629 percrebruit,

203 2666 307 2729 neque
321 2646 489 2710 meliorem
501 2668 651 2732 umquam
664 2668 792 2714 servum
802 2670 908 2733 neque
919 2649 1121 2714 deteriorem

205 2750 370 2813 dominum
393 2749 502 2814 fuisse.

168 2874 195 2912 ιο
267 2853 343 2917 Non
373 2853 534 2917 omiserim
563 2858 768 2940 praesagium
791 2858 913 2922 Tiberii
936 2857 976 2921 de
1000 2857 1120 2923 Servio

205 2957 307 3022 Galba
336 2965 405 3022 tum
436 2960 584 3041 consule;
617 2982 713 3045 quem
745 2962 881 3026 accitum
914 2968 947 3025 et
979 2962 1122 3027 diversis

203 3062 406 3126 sermonibus
428 3070 679 3147 pertemptatum
701 3072 866 3149 postremo
885 3065 1017 3130 Graecis
1041 3087 1120 3131 ver·

202 3165 251 3228 bis
274 3167 306 3229 in
329 3167 411 3232 hanc
434 3170 626 3232 sententiam
649 3169 835 3235 adlocutus:
859 3177 901 3252 ,at
923 3177 975 3252 tu,
1000 3170 1119 3254 Galba,

204 3269 395 3354 quandoque
420 3270 604 3354 degustabis
627 3272 825 3358 imperium‘,
855 3295 959 3338 seram
981 3295 1017 3338 ac
1040 3275 1119 3340 bre·

171 3393 278 3437 rsvem
300 3374 477 3456 potentiam
500 3374 695 3459 significans,
718 3378 852 3442 scientia
876 3376 1119 3444 Chaldaeorum

205 3477 298 3556 artis,
337 3478 426 3540 cuius
463 3479 655 3562 apiscendae
693 3480 794 3544 otium
831 3480 917 3564 apud
948 3481 1117 3564 Rhodum,
