<?xml version="1.0" encoding="UTF-8"?>
<!DOCTYPE html PUBLIC "-//W3C//DTD XHTML 1.0 Transitional//EN"
    "http://www.w3.org/TR/xhtml1/DTD/xhtml1-transitional.dtd">
<html xmlns="http://www.w3.org/1999/xhtml" xml:lang="en" lang="en">
 <head>
  <title>
</title>
<meta http-equiv="Content-Type" content="text/html;charset=utf-8" />
  <meta name='ocr-system' content='tesseract 3.04.00' />
  <meta name='ocr-capabilities' content='ocr_page ocr_carea ocr_par ocr_line ocrx_word'/>
</head>
<body>
  <div class='ocr_page' id='page_1' title='image "./annalen01tacigoog_0107.png"; bbox 0 0 2444 4010; ppageno 0'>
   <div class='ocr_carea' id='block_1_1' title="bbox 252 319 828 374">
    <p class='ocr_par' dir='ltr' id='par_1_1' title="bbox 252 319 828 374">
     <span class='ocr_line' id='line_1_1' title="bbox 252 319 828 374; baseline -0.007 -8"><span class='ocrx_word' id='word_1_1' title='bbox 252 319 289 374; x_wconf 76' lang='grc'><strong>94</strong></span> <span class='ocrx_word' id='word_1_2' title='bbox 579 321 718 363; x_wconf 77' lang='lat' dir='ltr'>CORNELII</span> <span class='ocrx_word' id='word_1_3' title='bbox 730 320 828 362; x_wconf 74' lang='lat' dir='ltr'><strong>raom</strong></span> 
     </span>
    </p>
   </div>
   <div class='ocr_carea' id='block_1_2' title="bbox 210 479 1203 3592">
    <p class='ocr_par' dir='ltr' id='par_1_2' title="bbox 250 479 1201 670">
     <span class='ocr_line' id='line_1_2' title="bbox 250 479 1201 570; baseline -0.004 -25"><span class='ocrx_word' id='word_1_4' title='bbox 250 481 444 567; x_wconf 80' lang='lat' dir='ltr'>plebemque</span> <span class='ocrx_word' id='word_1_5' title='bbox 474 483 567 546; x_wconf 81' lang='lat' dir='ltr'><strong>iuxta</strong></span> <span class='ocrx_word' id='word_1_6' title='bbox 593 480 794 546; x_wconf 82' lang='lat' dir='ltr'><strong>devinxerat.</strong></span> <span class='ocrx_word' id='word_1_7' title='bbox 832 480 930 564; x_wconf 88' lang='lat' dir='ltr'><strong>igitur</strong></span> <span class='ocrx_word' id='word_1_8' title='bbox 955 479 1142 546; x_wconf 76' lang='lat' dir='ltr'><strong>Germanicus</strong></span> <span class='ocrx_word' id='word_1_9' title='bbox 1200 511 1201 570; x_wconf 39' lang='lat'>3</span> 
     </span>
     <span class='ocr_line' id='line_1_3' title="bbox 251 583 1201 670; baseline -0.008 -18"><span class='ocrx_word' id='word_1_10' title='bbox 251 589 284 652; x_wconf 91' lang='lat' dir='ltr'><strong>in</strong></span> <span class='ocrx_word' id='word_1_11' title='bbox 299 588 378 652; x_wconf 89' lang='lat' dir='ltr'><strong>urbe</strong></span> <span class='ocrx_word' id='word_1_12' title='bbox 395 585 555 652; x_wconf 75' lang='lat' dir='ltr'><strong>Artaxata</strong></span> <span class='ocrx_word' id='word_1_13' title='bbox 569 585 822 670; x_wconf 73' lang='lat' dir='ltr'><strong>adprobantibus</strong></span> <span class='ocrx_word' id='word_1_14' title='bbox 837 583 1009 667; x_wconf 86' lang='lat' dir='ltr'><strong>nobilibus,</strong></span> <span class='ocrx_word' id='word_1_15' title='bbox 1027 583 1141 648; x_wconf 88' lang='lat' dir='ltr'><strong>circum·</strong></span> <span class='ocrx_word' id='word_1_16' title='bbox 1199 609 1201 628; x_wconf 52' lang='lat' dir='ltr'><strong>r</strong></span> 
     </span>
    </p>

    <p class='ocr_par' dir='ltr' id='par_1_3' title="bbox 214 687 1201 1192">
     <span class='ocr_line' id='line_1_4' title="bbox 215 687 1200 772; baseline 0 -16"><span class='ocrx_word' id='word_1_17' title='bbox 215 725 217 734; x_wconf 75' lang='lat'>=</span> <span class='ocrx_word' id='word_1_18' title='bbox 250 692 320 757; x_wconf 91' lang='lat' dir='ltr'><strong>fusa</strong></span> <span class='ocrx_word' id='word_1_19' title='bbox 349 691 555 756; x_wconf 92' lang='lat' dir='ltr'><strong>multitudine</strong></span> <span class='ocrx_word' id='word_1_20' title='bbox 585 689 710 772; x_wconf 81' lang='lat' dir='ltr'>insigne</span> <span class='ocrx_word' id='word_1_21' title='bbox 742 689 870 772; x_wconf 88' lang='lat' dir='ltr'><strong>regium</strong></span> <span class='ocrx_word' id='word_1_22' title='bbox 892 688 990 772; x_wconf 91' lang='lat' dir='ltr'><strong>capiti</strong></span> <span class='ocrx_word' id='word_1_23' title='bbox 1013 687 1077 751; x_wconf 92' lang='lat' dir='ltr'><strong>eius</strong></span> <span class='ocrx_word' id='word_1_24' title='bbox 1096 687 1143 750; x_wconf 89' lang='lat' dir='ltr'><strong>im·</strong></span> <span class='ocrx_word' id='word_1_25' title='bbox 1199 743 1200 756; x_wconf 67' lang='grc'>,</span> 
     </span>
     <span class='ocr_line' id='line_1_5' title="bbox 249 791 1200 882; baseline -0.012 -19"><span class='ocrx_word' id='word_1_26' title='bbox 249 799 367 882; x_wconf 88' lang='lat' dir='ltr'><strong>posuit.</strong></span> <span class='ocrx_word' id='word_1_27' title='bbox 413 799 514 862; x_wconf 86' lang='lat' dir='ltr'><strong>ceteri</strong></span> <span class='ocrx_word' id='word_1_28' title='bbox 544 800 735 861; x_wconf 85' lang='lat' dir='ltr'><strong>venerantes</strong></span> <span class='ocrx_word' id='word_1_29' title='bbox 758 813 871 877; x_wconf 88' lang='lat' dir='ltr'><strong>regem</strong></span> <span class='ocrx_word' id='word_1_30' title='bbox 892 791 1060 857; x_wconf 83' lang='lat' dir='ltr'><strong>Artaxiam</strong></span> <span class='ocrx_word' id='word_1_31' title='bbox 1081 811 1143 854; x_wconf 89' lang='lat' dir='ltr'><strong>con·</strong></span> <span class='ocrx_word' id='word_1_32' title='bbox 1199 831 1200 846; x_wconf 35' lang='grc' dir='ltr'>ι</span> 
     </span>
     <span class='ocr_line' id='line_1_6' title="bbox 214 897 1200 987; baseline -0.013 -19"><span class='ocrx_word' id='word_1_33' title='bbox 214 904 446 985; x_wconf 70' lang='lat' dir='ltr'><strong>salutavere,</strong></span> <span class='ocrx_word' id='word_1_34' title='bbox 482 901 569 987; x_wconf 90' lang='lat' dir='ltr'><strong>quod</strong></span> <span class='ocrx_word' id='word_1_35' title='bbox 602 899 649 963; x_wconf 92' lang='lat' dir='ltr'><strong>illi</strong></span> <span class='ocrx_word' id='word_1_36' title='bbox 680 899 871 964; x_wconf 89' lang='lat' dir='ltr'><strong>vocabulum</strong></span> <span class='ocrx_word' id='word_1_37' title='bbox 905 897 1084 962; x_wconf 86' lang='lat' dir='ltr'><strong>indiderant</strong></span> <span class='ocrx_word' id='word_1_38' title='bbox 1111 914 1145 956; x_wconf 85' lang='lat' dir='ltr'><strong>ex</strong></span> <span class='ocrx_word' id='word_1_39' title='bbox 1199 956 1200 965; x_wconf 63' lang='grc'>,</span> 
     </span>
     <span class='ocr_line' id='line_1_7' title="bbox 249 999 1200 1089; baseline -0.012 -17"><span class='ocrx_word' id='word_1_40' title='bbox 249 1008 380 1074; x_wconf 92' lang='lat' dir='ltr'><strong>nomine</strong></span> <span class='ocrx_word' id='word_1_41' title='bbox 402 1005 499 1072; x_wconf 88' lang='lat' dir='ltr'><strong>urbis.</strong></span> <span class='ocrx_word' id='word_1_42' title='bbox 535 1011 568 1070; x_wconf 88' lang='lat' dir='ltr'><strong>at</strong></span> <span class='ocrx_word' id='word_1_43' title='bbox 584 1003 795 1089; x_wconf 72' lang='lat' dir='ltr'><strong>Cappadoces</strong></span> <span class='ocrx_word' id='word_1_44' title='bbox 818 1003 851 1067; x_wconf 91' lang='lat' dir='ltr'><strong>in</strong></span> <span class='ocrx_word' id='word_1_45' title='bbox 873 1003 1011 1066; x_wconf 82' lang='lat' dir='ltr'><strong>formam</strong></span> <span class='ocrx_word' id='word_1_46' title='bbox 1033 999 1145 1086; x_wconf 80' lang='lat' dir='ltr'><strong>provin·</strong></span> <span class='ocrx_word' id='word_1_47' title='bbox 1199 1019 1200 1023; x_wconf 47' lang='lat'>¹</span> 
     </span>
     <span class='ocr_line' id='line_1_8' title="bbox 250 1101 1201 1192; baseline -0.012 -16"><span class='ocrx_word' id='word_1_48' title='bbox 250 1112 318 1176; x_wconf 90' lang='lat' dir='ltr'><strong>ciae</strong></span> <span class='ocrx_word' id='word_1_49' title='bbox 348 1109 472 1174; x_wconf 89' lang='lat' dir='ltr'><strong>redacti</strong></span> <span class='ocrx_word' id='word_1_50' title='bbox 497 1109 534 1184; x_wconf 80' lang='lat' dir='ltr'><strong>Q.</strong></span> <span class='ocrx_word' id='word_1_51' title='bbox 558 1109 735 1174; x_wconf 86' lang='lat' dir='ltr'><strong>Veranium</strong></span> <span class='ocrx_word' id='word_1_52' title='bbox 757 1109 903 1192; x_wconf 85' lang='lat' dir='ltr'><strong>legatum</strong></span> <span class='ocrx_word' id='word_1_53' title='bbox 926 1127 1094 1192; x_wconf 86' lang='lat' dir='ltr'><strong>accepere;</strong></span> <span class='ocrx_word' id='word_1_54' title='bbox 1121 1109 1146 1168; x_wconf 88' lang='lat' dir='ltr'><strong>et</strong></span> <span class='ocrx_word' id='word_1_55' title='bbox 1199 1101 1201 1184; x_wconf 67' lang='lat' dir='ltr'><strong>l</strong></span> 
     </span>
    </p>

    <p class='ocr_par' dir='ltr' id='par_1_4' title="bbox 210 1212 1204 3592">
     <span class='ocr_line' id='line_1_9' title="bbox 216 1212 1200 1299; baseline -0.008 -21"><span class='ocrx_word' id='word_1_56' title='bbox 216 1250 218 1262; x_wconf 90' lang='lat'>·</span> <span class='ocrx_word' id='word_1_57' title='bbox 250 1213 409 1299; x_wconf 91' lang='lat' dir='ltr'><strong>quaedam</strong></span> <span class='ocrx_word' id='word_1_58' title='bbox 432 1235 474 1279; x_wconf 83' lang='lat' dir='ltr'><strong>ex</strong></span> <span class='ocrx_word' id='word_1_59' title='bbox 498 1214 593 1298; x_wconf 79' lang='lat' dir='ltr'><strong>regiis</strong></span> <span class='ocrx_word' id='word_1_60' title='bbox 617 1213 745 1277; x_wconf 87' lang='lat' dir='ltr'><strong>tributis</strong></span> <span class='ocrx_word' id='word_1_61' title='bbox 769 1213 942 1295; x_wconf 86' lang='lat' dir='ltr'><strong>deminuta,</strong></span> <span class='ocrx_word' id='word_1_62' title='bbox 966 1233 1030 1298; x_wconf 92' lang='lat' dir='ltr'><strong>quo</strong></span> <span class='ocrx_word' id='word_1_63' title='bbox 1053 1212 1146 1277; x_wconf 90' lang='lat' dir='ltr'><strong>mitius</strong></span> <span class='ocrx_word' id='word_1_64' title='bbox 1199 1215 1200 1270; x_wconf 70' lang='lat'>1</span> 
     </span>
     <span class='ocr_line' id='line_1_10' title="bbox 249 1315 1146 1404; baseline -0.01 -19"><span class='ocrx_word' id='word_1_65' title='bbox 249 1319 434 1385; x_wconf 85' lang='lat' dir='ltr'><strong>Romanum</strong></span> <span class='ocrx_word' id='word_1_66' title='bbox 471 1319 642 1404; x_wconf 90' lang='lat' dir='ltr'><strong>imperium</strong></span> <span class='ocrx_word' id='word_1_67' title='bbox 681 1322 875 1403; x_wconf 87' lang='lat' dir='ltr'><strong>speraretur.</strong></span> <span class='ocrx_word' id='word_1_68' title='bbox 933 1315 1146 1401; x_wconf 78' lang='lat' dir='ltr'><strong>Commagenis</strong></span> 
     </span>
     <span class='ocr_line' id='line_1_11' title="bbox 216 1417 1201 1509; baseline -0.006 -20"><span class='ocrx_word' id='word_1_69' title='bbox 216 1439 241 1480; x_wconf 83' lang='lat'><strong>2⁰</strong></span> <span class='ocrx_word' id='word_1_70' title='bbox 251 1423 289 1498; x_wconf 80' lang='lat' dir='ltr'><strong>Q.</strong></span> <span class='ocrx_word' id='word_1_71' title='bbox 305 1423 463 1488; x_wconf 84' lang='lat' dir='ltr'><strong>Servaeus</strong></span> <span class='ocrx_word' id='word_1_72' title='bbox 480 1424 695 1509; x_wconf 87' lang='lat' dir='ltr'><strong>praeponitur</strong></span> <span class='ocrx_word' id='word_1_73' title='bbox 708 1428 777 1487; x_wconf 92' lang='lat' dir='ltr'><strong>tum</strong></span> <span class='ocrx_word' id='word_1_74' title='bbox 792 1421 931 1506; x_wconf 88' lang='lat' dir='ltr'><strong>primum</strong></span> <span class='ocrx_word' id='word_1_75' title='bbox 946 1420 989 1485; x_wconf 92' lang='lat' dir='ltr'><strong>ad</strong></span> <span class='ocrx_word' id='word_1_76' title='bbox 1003 1423 1053 1486; x_wconf 91' lang='lat' dir='ltr'><strong>ius</strong></span> <span class='ocrx_word' id='word_1_77' title='bbox 1068 1439 1146 1506; x_wconf 89' lang='lat' dir='ltr'><strong>prae·</strong></span> <span class='ocrx_word' id='word_1_78' title='bbox 1200 1417 1201 1460; x_wconf 49' lang='lat' dir='ltr'><strong>l</strong></span> 
     </span>
     <span class='ocr_line' id='line_1_12' title="bbox 249 1527 521 1592; baseline 0 -2"><span class='ocrx_word' id='word_1_79' title='bbox 249 1529 329 1592; x_wconf 89' lang='lat' dir='ltr'><strong>toris</strong></span> <span class='ocrx_word' id='word_1_80' title='bbox 351 1527 521 1592; x_wconf 79' lang='lat' dir='ltr'><strong>translatis.</strong></span> 
     </span>
     <span class='ocr_line' id='line_1_13' title="bbox 314 1630 1202 1717; baseline -0.006 -21"><span class='ocrx_word' id='word_1_81' title='bbox 314 1633 366 1696; x_wconf 75' lang='lat'><strong>57.</strong></span> <span class='ocrx_word' id='word_1_82' title='bbox 407 1632 593 1717; x_wconf 65' lang='lat' dir='ltr'><strong>(iunctaque</strong></span> <span class='ocrx_word' id='word_1_83' title='bbox 630 1631 762 1697; x_wconf 89' lang='lat' dir='ltr'><strong>socialia</strong></span> <span class='ocrx_word' id='word_1_84' title='bbox 792 1651 950 1716; x_wconf 89' lang='lat' dir='ltr'><strong>prospere</strong></span> <span class='ocrx_word' id='word_1_85' title='bbox 982 1630 1148 1716; x_wconf 87' lang='lat' dir='ltr'><strong>composita</strong></span> <span class='ocrx_word' id='word_1_86' title='bbox 1201 1637 1202 1642; x_wconf 77' lang='grc'>’</span> 
     </span>
     <span class='ocr_line' id='line_1_14' title="bbox 247 1735 1147 1820; baseline -0.007 -16"><span class='ocrx_word' id='word_1_87' title='bbox 247 1760 313 1804; x_wconf 91' lang='lat' dir='ltr'><strong>non</strong></span> <span class='ocrx_word' id='word_1_88' title='bbox 336 1737 410 1802; x_wconf 89' lang='lat' dir='ltr'><strong>ideo</strong></span> <span class='ocrx_word' id='word_1_89' title='bbox 427 1740 549 1802; x_wconf 90' lang='lat' dir='ltr'><strong>laetum</strong></span> <span class='ocrx_word' id='word_1_90' title='bbox 566 1736 795 1802; x_wconf 76' lang='lat' dir='ltr'><strong>Germanicum</strong></span> <span class='ocrx_word' id='word_1_91' title='bbox 811 1735 974 1800; x_wconf 89' lang='lat' dir='ltr'><strong>habebant</strong></span> <span class='ocrx_word' id='word_1_92' title='bbox 991 1737 1033 1801; x_wconf 96' lang='lat' dir='ltr'><strong>ob</strong></span> <span class='ocrx_word' id='word_1_93' title='bbox 1051 1755 1147 1820; x_wconf 89' lang='lat' dir='ltr'><strong>super·</strong></span> 
     </span>
     <span class='ocr_line' id='line_1_15' title="bbox 248 1840 1203 1927; baseline -0.005 -20"><span class='ocrx_word' id='word_1_94' title='bbox 248 1843 333 1907; x_wconf 91' lang='lat' dir='ltr'><strong>biam</strong></span> <span class='ocrx_word' id='word_1_95' title='bbox 354 1843 498 1926; x_wconf 88' lang='lat' dir='ltr'><strong>Pisonis,</strong></span> <span class='ocrx_word' id='word_1_96' title='bbox 532 1844 587 1927; x_wconf 93' lang='lat' dir='ltr'><strong>qui</strong></span> <span class='ocrx_word' id='word_1_97' title='bbox 616 1842 720 1906; x_wconf 90' lang='lat' dir='ltr'><strong>iussus</strong></span> <span class='ocrx_word' id='word_1_98' title='bbox 749 1845 875 1925; x_wconf 90' lang='lat' dir='ltr'><strong>partem</strong></span> <span class='ocrx_word' id='word_1_99' title='bbox 903 1840 1071 1924; x_wconf 88' lang='lat' dir='ltr'><strong>legionum</strong></span> <span class='ocrx_word' id='word_1_100' title='bbox 1090 1843 1148 1924; x_wconf 89' lang='lat' dir='ltr'><strong>ipse</strong></span> <span class='ocrx_word' id='word_1_101' title='bbox 1202 1845 1203 1866; x_wconf 74' lang='lat'>³</span> 
     </span>
     <span class='ocr_line' id='line_1_16' title="bbox 247 1944 1202 2033; baseline -0.001 -22"><span class='ocrx_word' id='word_1_102' title='bbox 247 1954 303 2011; x_wconf 84' lang='lat' dir='ltr'><strong>aut</strong></span> <span class='ocrx_word' id='word_1_103' title='bbox 333 1970 392 2033; x_wconf 92' lang='lat' dir='ltr'><strong>per</strong></span> <span class='ocrx_word' id='word_1_104' title='bbox 421 1949 523 2012; x_wconf 88' lang='lat' dir='ltr'><strong>filium</strong></span> <span class='ocrx_word' id='word_1_105' title='bbox 556 1948 589 2011; x_wconf 90' lang='lat' dir='ltr'><strong>in</strong></span> <span class='ocrx_word' id='word_1_106' title='bbox 617 1944 808 2010; x_wconf 84' lang='lat' dir='ltr'><strong>Armeniam</strong></span> <span class='ocrx_word' id='word_1_107' title='bbox 842 1944 960 2009; x_wconf 89' lang='lat' dir='ltr'><strong>ducere</strong></span> <span class='ocrx_word' id='word_1_108' title='bbox 989 1950 1148 2028; x_wconf 90' lang='lat' dir='ltr'><strong>utrumque</strong></span> <span class='ocrx_word' id='word_1_109' title='bbox 1201 2005 1202 2010; x_wconf 73' lang='grc'>,</span> 
     </span>
     <span class='ocr_line' id='line_1_17' title="bbox 225 2041 1148 2136; baseline -0.002 -24"><span class='ocrx_word' id='word_1_110' title='bbox 225 2041 446 2136; x_wconf 82' lang='lat' dir='ltr'><strong>sneglexerat.</strong></span> <span class='ocrx_word' id='word_1_111' title='bbox 485 2051 579 2134; x_wconf 83' lang='lat' dir='ltr'><strong>Oyrri</strong></span> <span class='ocrx_word' id='word_1_112' title='bbox 603 2051 740 2116; x_wconf 47' lang='lat' dir='ltr'><strong>demum*</strong></span> <span class='ocrx_word' id='word_1_113' title='bbox 755 2049 841 2134; x_wconf 89' lang='lat' dir='ltr'><strong>apud</strong></span> <span class='ocrx_word' id='word_1_114' title='bbox 856 2049 992 2115; x_wconf 90' lang='lat' dir='ltr'><strong>hiberna</strong></span> <span class='ocrx_word' id='word_1_115' title='bbox 1005 2049 1148 2114; x_wconf 88' lang='lat' dir='ltr'><strong>decumae</strong></span> 
     </span>
     <span class='ocr_line' id='line_1_18' title="bbox 245 2153 1149 2239; baseline -0.008 -20"><span class='ocrx_word' id='word_1_116' title='bbox 245 2156 384 2239; x_wconf 83' lang='lat' dir='ltr'><strong>legionis</strong></span> <span class='ocrx_word' id='word_1_117' title='bbox 408 2175 606 2236; x_wconf 88' lang='lat' dir='ltr'><strong>convenere,</strong></span> <span class='ocrx_word' id='word_1_118' title='bbox 628 2155 752 2218; x_wconf 88' lang='lat' dir='ltr'><strong>firmato</strong></span> <span class='ocrx_word' id='word_1_119' title='bbox 775 2155 883 2235; x_wconf 86' lang='lat' dir='ltr'><strong>vultu,</strong></span> <span class='ocrx_word' id='word_1_120' title='bbox 906 2153 982 2218; x_wconf 91' lang='lat' dir='ltr'><strong>Piso</strong></span> <span class='ocrx_word' id='word_1_121' title='bbox 1006 2154 1149 2220; x_wconf 88' lang='lat' dir='ltr'><strong>adversus</strong></span> 
     </span>
     <span class='ocr_line' id='line_1_19' title="bbox 246 2257 1149 2342; baseline -0.004 -21"><span class='ocrx_word' id='word_1_122' title='bbox 246 2264 377 2342; x_wconf 92' lang='lat' dir='ltr'><strong>metum,</strong></span> <span class='ocrx_word' id='word_1_123' title='bbox 396 2257 615 2338; x_wconf 80' lang='lat' dir='ltr'><strong>Germaniano,</strong></span> <span class='ocrx_word' id='word_1_124' title='bbox 631 2280 673 2324; x_wconf 91' lang='lat' dir='ltr'><strong>ne</strong></span> <span class='ocrx_word' id='word_1_125' title='bbox 686 2259 799 2324; x_wconf 91' lang='lat' dir='ltr'><strong>minari</strong></span> <span class='ocrx_word' id='word_1_126' title='bbox 813 2257 1015 2341; x_wconf 89' lang='lat' dir='ltr'><strong>crederetur;</strong></span> <span class='ocrx_word' id='word_1_127' title='bbox 1034 2264 1066 2323; x_wconf 91' lang='lat' dir='ltr'><strong>et</strong></span> <span class='ocrx_word' id='word_1_128' title='bbox 1080 2261 1149 2334; x_wconf 88' lang='lat' dir='ltr'><strong>erat,</strong></span> 
     </span>
     <span class='ocr_line' id='line_1_20' title="bbox 245 2359 1149 2445; baseline -0.004 -21"><span class='ocrx_word' id='word_1_129' title='bbox 245 2367 281 2424; x_wconf 84' lang='lat' dir='ltr'><strong>ut</strong></span> <span class='ocrx_word' id='word_1_130' title='bbox 312 2361 438 2445; x_wconf 87' lang='lat' dir='ltr'><strong>rettuli,</strong></span> <span class='ocrx_word' id='word_1_131' title='bbox 472 2363 672 2428; x_wconf 88' lang='lat' dir='ltr'><strong>clementior.</strong></span> <span class='ocrx_word' id='word_1_132' title='bbox 727 2361 785 2426; x_wconf 90' lang='lat' dir='ltr'><strong>sed</strong></span> <span class='ocrx_word' id='word_1_133' title='bbox 822 2363 915 2427; x_wconf 89' lang='lat' dir='ltr'><strong>amici</strong></span> <span class='ocrx_word' id='word_1_134' title='bbox 945 2359 1149 2428; x_wconf 90' lang='lat' dir='ltr'><strong>accendendis</strong></span> 
     </span>
     <span class='ocr_line' id='line_1_21' title="bbox 247 2465 1151 2552; baseline -0.003 -23"><span class='ocrx_word' id='word_1_135' title='bbox 247 2465 477 2531; x_wconf 86' lang='lat' dir='ltr'><strong>offensionibus</strong></span> <span class='ocrx_word' id='word_1_136' title='bbox 492 2466 599 2531; x_wconf 89' lang='lat' dir='ltr'><strong>callidi</strong></span> <span class='ocrx_word' id='word_1_137' title='bbox 614 2467 785 2533; x_wconf 87' lang='lat' dir='ltr'><strong>intendere</strong></span> <span class='ocrx_word' id='word_1_138' title='bbox 801 2487 886 2550; x_wconf 91' lang='lat' dir='ltr'><strong>vcra,</strong></span> <span class='ocrx_word' id='word_1_139' title='bbox 908 2466 1065 2552; x_wconf 85' lang='lat' dir='ltr'><strong>adgerere</strong></span> <span class='ocrx_word' id='word_1_140' title='bbox 1080 2467 1151 2531; x_wconf 87' lang='lat' dir='ltr'><strong>falsa</strong></span> 
     </span>
     <span class='ocr_line' id='line_1_22' title="bbox 212 2569 1149 2656; baseline -0.011 -15"><span class='ocrx_word' id='word_1_141' title='bbox 212 2600 236 2640; x_wconf 90' lang='lat'><strong>10</strong></span> <span class='ocrx_word' id='word_1_142' title='bbox 245 2571 415 2656; x_wconf 90' lang='lat' dir='ltr'><strong>ipsumque</strong></span> <span class='ocrx_word' id='word_1_143' title='bbox 439 2579 471 2636; x_wconf 94' lang='lat' dir='ltr'><strong>et</strong></span> <span class='ocrx_word' id='word_1_144' title='bbox 493 2572 681 2637; x_wconf 82' lang='lat' dir='ltr'><strong>Plancinam</strong></span> <span class='ocrx_word' id='word_1_145' title='bbox 704 2577 737 2636; x_wconf 91' lang='lat' dir='ltr'><strong>et</strong></span> <span class='ocrx_word' id='word_1_146' title='bbox 759 2571 841 2636; x_wconf 92' lang='lat' dir='ltr'><strong>filios</strong></span> <span class='ocrx_word' id='word_1_147' title='bbox 864 2571 961 2637; x_wconf 80' lang='lat' dir='ltr'><strong>variis</strong></span> <span class='ocrx_word' id='word_1_148' title='bbox 976 2572 1082 2636; x_wconf 93' lang='lat' dir='ltr'><strong>modis</strong></span> <span class='ocrx_word' id='word_1_149' title='bbox 1096 2569 1149 2634; x_wconf 87' lang='lat' dir='ltr'><strong>cri·</strong></span> 
     </span>
     <span class='ocr_line' id='line_1_23' title="bbox 244 2673 1151 2762; baseline -0.003 -23"><span class='ocrx_word' id='word_1_150' title='bbox 244 2675 369 2740; x_wconf 87' lang='lat' dir='ltr'><strong>minari.</strong></span> <span class='ocrx_word' id='word_1_151' title='bbox 422 2681 586 2759; x_wconf 88' lang='lat' dir='ltr'><strong>postremo</strong></span> <span class='ocrx_word' id='word_1_152' title='bbox 628 2676 738 2762; x_wconf 90' lang='lat' dir='ltr'><strong>paucis</strong></span> <span class='ocrx_word' id='word_1_153' title='bbox 774 2675 977 2740; x_wconf 82' lang='lat' dir='ltr'><strong>familiarium</strong></span> <span class='ocrx_word' id='word_1_154' title='bbox 1009 2673 1151 2740; x_wconf 90' lang='lat' dir='ltr'><strong>adhibitis</strong></span> 
     </span>
     <span class='ocr_line' id='line_1_24' title="bbox 246 2779 1151 2864; baseline 0 -23"><span class='ocrx_word' id='word_1_155' title='bbox 246 2798 351 2844; x_wconf 90' lang='lat' dir='ltr'><strong>sermo</strong></span> <span class='ocrx_word' id='word_1_156' title='bbox 376 2787 509 2864; x_wconf 89' lang='lat' dir='ltr'><strong>coeptus</strong></span> <span class='ocrx_word' id='word_1_157' title='bbox 533 2801 552 2843; x_wconf 88' lang='lat' dir='ltr'><strong>a</strong></span> <span class='ocrx_word' id='word_1_158' title='bbox 576 2779 725 2863; x_wconf 71' lang='lat' dir='ltr'><strong>Caesare,</strong></span> <span class='ocrx_word' id='word_1_159' title='bbox 749 2780 877 2864; x_wconf 91' lang='lat' dir='ltr'><strong>qualem</strong></span> <span class='ocrx_word' id='word_1_160' title='bbox 899 2780 947 2844; x_wconf 91' lang='lat' dir='ltr'><strong>ira</strong></span> <span class='ocrx_word' id='word_1_161' title='bbox 963 2785 996 2844; x_wconf 91' lang='lat' dir='ltr'><strong>et</strong></span> <span class='ocrx_word' id='word_1_162' title='bbox 1012 2781 1151 2844; x_wconf 86' lang='lat' dir='ltr'><strong>dissimu-</strong></span> 
     </span>
     <span class='ocr_line' id='line_1_25' title="bbox 244 2882 1152 2968; baseline 0.002 -24"><span class='ocrx_word' id='word_1_163' title='bbox 244 2882 322 2946; x_wconf 88' lang='lat' dir='ltr'><strong>latio</strong></span> <span class='ocrx_word' id='word_1_164' title='bbox 345 2882 460 2967; x_wconf 88' lang='lat' dir='ltr'><strong>gignit‚</strong></span> <span class='ocrx_word' id='word_1_165' title='bbox 483 2904 674 2968; x_wconf 89' lang='lat' dir='ltr'><strong>responsum</strong></span> <span class='ocrx_word' id='word_1_166' title='bbox 697 2905 717 2948; x_wconf 88' lang='lat' dir='ltr'><strong>a</strong></span> <span class='ocrx_word' id='word_1_167' title='bbox 738 2883 858 2949; x_wconf 88' lang='lat' dir='ltr'><strong>Pisone</strong></span> <span class='ocrx_word' id='word_1_168' title='bbox 881 2884 1031 2968; x_wconf 81' lang='lat' dir='ltr'><strong>precibus</strong></span> <span class='ocrx_word' id='word_1_169' title='bbox 1047 2889 1152 2949; x_wconf 90' lang='lat' dir='ltr'><strong>contu·</strong></span> 
     </span>
     <span class='ocr_line' id='line_1_26' title="bbox 245 2986 1152 3073; baseline -0.002 -22"><span class='ocrx_word' id='word_1_170' title='bbox 245 2987 388 3052; x_wconf 88' lang='lat' dir='ltr'><strong>macibus</strong></span> <span class='ocrx_word' id='word_1_171' title='bbox 412 2986 694 3073; x_wconf 89' lang='lat' dir='ltr'><strong>discesseruntque</strong></span> <span class='ocrx_word' id='word_1_172' title='bbox 718 2988 838 3071; x_wconf 87' lang='lat' dir='ltr'><strong>apertis</strong></span> <span class='ocrx_word' id='word_1_173' title='bbox 862 2987 954 3052; x_wconf 89' lang='lat' dir='ltr'><strong>odiis.</strong></span> <span class='ocrx_word' id='word_1_174' title='bbox 986 2993 1062 3072; x_wconf 94' lang='lat' dir='ltr'><strong>post</strong></span> <span class='ocrx_word' id='word_1_175' title='bbox 1077 3006 1152 3072; x_wconf 90' lang='lat' dir='ltr'><strong>quae</strong></span> 
     </span>
     <span class='ocr_line' id='line_1_27' title="bbox 210 3088 1152 3176; baseline -0.007 -18"><span class='ocrx_word' id='word_1_176' title='bbox 210 3119 235 3158; x_wconf 71' lang='grc' dir='ltr'><strong>ιε</strong></span> <span class='ocrx_word' id='word_1_177' title='bbox 244 3111 335 3154; x_wconf 91' lang='lat' dir='ltr'><strong>rarus</strong></span> <span class='ocrx_word' id='word_1_178' title='bbox 357 3090 389 3154; x_wconf 93' lang='lat' dir='ltr'><strong>in</strong></span> <span class='ocrx_word' id='word_1_179' title='bbox 413 3091 565 3155; x_wconf 87' lang='lat' dir='ltr'><strong>tribunali</strong></span> <span class='ocrx_word' id='word_1_180' title='bbox 589 3090 736 3156; x_wconf 75' lang='lat' dir='ltr'><strong>Caesaris</strong></span> <span class='ocrx_word' id='word_1_181' title='bbox 754 3091 832 3155; x_wconf 90' lang='lat' dir='ltr'><strong>Piso</strong></span> <span class='ocrx_word' id='word_1_182' title='bbox 856 3095 897 3173; x_wconf 84' lang='lat' dir='ltr'><strong>et,</strong></span> <span class='ocrx_word' id='word_1_183' title='bbox 921 3091 1077 3176; x_wconf 90' lang='lat' dir='ltr'><strong>siquando</strong></span> <span class='ocrx_word' id='word_1_184' title='bbox 1100 3088 1152 3153; x_wconf 90' lang='lat' dir='ltr'><strong>ad-</strong></span> 
     </span>
     <span class='ocr_line' id='line_1_28' title="bbox 245 3195 1152 3280; baseline -0.003 -20"><span class='ocrx_word' id='word_1_185' title='bbox 245 3196 375 3279; x_wconf 81' lang='lat' dir='ltr'><strong>sideret,</strong></span> <span class='ocrx_word' id='word_1_186' title='bbox 399 3201 494 3260; x_wconf 83' lang='lat' dir='ltr'><strong>atrox</strong></span> <span class='ocrx_word' id='word_1_187' title='bbox 518 3219 555 3261; x_wconf 90' lang='lat' dir='ltr'><strong>ac</strong></span> <span class='ocrx_word' id='word_1_188' title='bbox 572 3195 743 3261; x_wconf 88' lang='lat' dir='ltr'><strong>dissentire</strong></span> <span class='ocrx_word' id='word_1_189' title='bbox 759 3195 959 3260; x_wconf 85' lang='lat' dir='ltr'><strong>manifestus.</strong></span> <span class='ocrx_word' id='word_1_190' title='bbox 997 3216 1064 3278; x_wconf 85' lang='lat' dir='ltr'><strong>vox</strong></span> <span class='ocrx_word' id='word_1_191' title='bbox 1079 3213 1152 3280; x_wconf 89' lang='lat' dir='ltr'><strong>quo·</strong></span> 
     </span>
     <span class='ocr_line' id='line_1_29' title="bbox 246 3299 1155 3386; baseline 0 -23"><span class='ocrx_word' id='word_1_192' title='bbox 246 3319 308 3384; x_wconf 90' lang='lat' dir='ltr'><strong>que</strong></span> <span class='ocrx_word' id='word_1_193' title='bbox 338 3301 406 3364; x_wconf 89' lang='lat' dir='ltr'><strong>cius</strong></span> <span class='ocrx_word' id='word_1_194' title='bbox 435 3300 545 3365; x_wconf 92' lang='lat' dir='ltr'><strong>audita</strong></span> <span class='ocrx_word' id='word_1_195' title='bbox 574 3302 608 3365; x_wconf 91' lang='lat' dir='ltr'><strong>in</strong></span> <span class='ocrx_word' id='word_1_196' title='bbox 638 3300 803 3384; x_wconf 82' lang='lat' dir='ltr'><strong>convivio,</strong></span> <span class='ocrx_word' id='word_1_197' title='bbox 834 3321 907 3365; x_wconf 88' lang='lat' dir='ltr'><strong>oum</strong></span> <span class='ocrx_word' id='word_1_198' title='bbox 936 3299 1023 3386; x_wconf 90' lang='lat' dir='ltr'><strong>apud</strong></span> <span class='ocrx_word' id='word_1_199' title='bbox 1047 3319 1155 3384; x_wconf 90' lang='lat' dir='ltr'><strong>regem</strong></span> 
     </span>
     <span class='ocr_line' id='line_1_30' title="bbox 245 3403 1154 3488; baseline 0 -22"><span class='ocrx_word' id='word_1_200' title='bbox 245 3403 485 3469; x_wconf 86' lang='lat' dir='ltr'><strong>Nabataeorum</strong></span> <span class='ocrx_word' id='word_1_201' title='bbox 502 3426 640 3470; x_wconf 89' lang='lat' dir='ltr'><strong>coronae</strong></span> <span class='ocrx_word' id='word_1_202' title='bbox 654 3426 769 3470; x_wconf 90' lang='lat' dir='ltr'><strong>aureae</strong></span> <span class='ocrx_word' id='word_1_203' title='bbox 785 3425 902 3488; x_wconf 88' lang='lat' dir='ltr'><strong>magno</strong></span> <span class='ocrx_word' id='word_1_204' title='bbox 917 3403 1062 3488; x_wconf 88' lang='lat' dir='ltr'><strong>pondere</strong></span> <span class='ocrx_word' id='word_1_205' title='bbox 1077 3403 1154 3467; x_wconf 80' lang='lat' dir='ltr'><strong>Gae-</strong></span> 
     </span>
     <span class='ocr_line' id='line_1_31' title="bbox 247 3505 1155 3592; baseline 0.004 -24"><span class='ocrx_word' id='word_1_206' title='bbox 247 3505 309 3568; x_wconf 87' lang='lat' dir='ltr'><strong>sari</strong></span> <span class='ocrx_word' id='word_1_207' title='bbox 325 3513 357 3569; x_wconf 87' lang='lat' dir='ltr'><strong>et</strong></span> <span class='ocrx_word' id='word_1_208' title='bbox 372 3505 581 3592; x_wconf 85' lang='lat' dir='ltr'><strong>Agrippinae,</strong></span> <span class='ocrx_word' id='word_1_209' title='bbox 597 3509 686 3573; x_wconf 85' lang='lat' dir='ltr'><strong>leves</strong></span> <span class='ocrx_word' id='word_1_210' title='bbox 697 3509 808 3573; x_wconf 89' lang='lat' dir='ltr'><strong>Pisoni</strong></span> <span class='ocrx_word' id='word_1_211' title='bbox 822 3515 854 3573; x_wconf 89' lang='lat' dir='ltr'><strong>et</strong></span> <span class='ocrx_word' id='word_1_212' title='bbox 870 3508 985 3573; x_wconf 86' lang='lat' dir='ltr'><strong>ceteris</strong></span> <span class='ocrx_word' id='word_1_213' title='bbox 1003 3508 1155 3574; x_wconf 87' lang='lat' dir='ltr'><strong>offerren-</strong></span> 
     </span>
    </p>
   </div>
   <div class='ocr_carea' id='block_1_3' title="bbox 0 0 1237 4010">
    <p class='ocr_par' dir='ltr' id='par_1_5' title="bbox 0 0 1237 4010">
     <span class='ocr_line' id='line_1_32' title="bbox 0 0 1237 4010; baseline 0 0"><span class='ocrx_word' id='word_1_214' title='bbox 0 0 1237 4010; x_wconf 95' lang='lat' dir='ltr'><strong> </strong></span> 
     </span>
    </p>
   </div>
  </div>
 </body>
</html>
