2482 4014
200 306 255 362 236
528 313 667 352 CORNELII
680 314 778 353 raom

199 490 323 533 sacrum
347 468 415 532 Soli
443 468 477 531 id
512 468 632 533 animal
662 476 694 534 et
724 491 779 544 ore
803 491 840 534 ao
864 469 1017 534 distinotu
1039 471 1112 554 pin-

200 596 311 638 narum
333 597 353 638 a
376 574 492 638 oeteris
515 574 627 639 avibus
644 574 806 648 diversum
830 576 1034 640 consentiunt
1057 575 1115 658 qui

200 679 336 742 formam
358 677 488 742 videre:
522 678 563 743 de
593 701 726 743 numero
757 699 914 743 annorum
936 679 1024 743 varia
1046 685 1114 742 tra·

166 782 328 845 roduntur.
380 783 524 845 maxime
558 784 726 867 vulgatum
757 783 1006 866 quingentorum
1037 804 1114 867 spa-

199 886 296 950 tium:
330 893 405 949 sunt
435 887 489 971 qui
519 887 712 951 adseverent
741 887 829 950 mille
860 886 1115 971 quadringentos

199 991 369 1073 sexaginta
391 1011 489 1055 uuum
513 990 637 1055 interioi
657 990 844 1075 prioresque
868 989 949 1054 alios
971 996 1037 1053 tres
1052 989 1113 1054 Se-

200 1093 308 1157 soside
325 1093 474 1177 primum,
498 1101 572 1177 post
587 1091 743 1157 Amaside
765 1092 1012 1174 dominantibus,
1036 1091 1116 1157 dein

199 1197 400 1276 Ptolemaeo,
424 1198 479 1282 qui
504 1217 545 1261 ex
561 1195 794 1261 Macedonibus
817 1198 931 1261 tertius
954 1197 1115 1280 regnavit,

166 1323 190 1361 15
201 1302 234 1364 in
262 1301 425 1364 civitatem
457 1301 508 1364 oui
539 1299 724 1385 Heliopolis
759 1321 878 1364 nomen
908 1299 1116 1366 advolavisse

200 1405 300 1469 multo
319 1413 497 1470 oeterarum
511 1406 678 1469 voluerum
695 1407 849 1470 comitatu
864 1425 982 1469 novam
997 1404 1118 1468 faeiem

201 1511 394 1574 mirantium.
432 1509 490 1574 sed
512 1510 684 1593 antiquitas
700 1509 832 1594 quidem
850 1509 1003 1573 obseura:
1028 1508 1119 1572 inter

199 1612 423 1677 Ptolemaeum
446 1633 483 1677 ao
498 1612 663 1677 Tiberium
682 1613 786 1677 minus
809 1613 940 1678 ducenti
955 1613 1118 1697 quinqua·

200 1717 289 1801 ginta
312 1718 386 1780 anni
409 1716 545 1780 fuerunt.
590 1717 676 1781 unde
699 1739 766 1782 non
787 1717 868 1781 nulli
890 1717 1005 1786 falsum
1028 1717 1119 1780 huno

165 1843 191 1880 20
202 1821 393 1906 phoenicem
408 1841 514 1905 neque
529 1820 674 1885 Arabum
691 1841 709 1884 e
725 1821 817 1885 terris
833 1820 1001 1885 credidere
1017 1820 1120 1884 nihil-

203 1945 266 2010 que
288 1924 492 2008 usurpavisse
516 1945 558 1988 ex
581 1925 635 2006 iis,
663 1946 744 2009 quae
769 1932 860 1991 vetus
883 1927 1040 1992 memoria
1062 1925 1120 1988 fir-

204 2028 312 2091 mavit.
358 2028 503 2092 confecto
535 2028 653 2112 quippe
686 2050 843 2093 annorum
872 2051 1025 2111 numero,
1059 2030 1122 2094 ubi

203 2153 291 2196 mors
319 2131 530 2216 propinquet,
560 2132 625 2195 suis
655 2132 688 2195 in
718 2133 811 2196 terris
840 2139 962 2197 struere
990 2132 1121 2216 nidum,

204 2237 236 2301 in
255 2255 318 2320 quo
333 2236 432 2300 fetum
450 2237 540 2317 oriri,
566 2244 598 2300 et
613 2237 750 2320 primam
767 2237 878 2301 adulto
895 2258 1004 2301 euram
1019 2258 1120 2321 sepe-

168 2338 303 2403 rsliendi
326 2339 424 2423 patris
448 2359 552 2423 neque
577 2338 610 2402 id
634 2346 755 2403 temere
772 2338 831 2403 sed
846 2339 972 2404 sublato
988 2360 1121 2405 murrae

204 2443 347 2527 pondere
376 2449 598 2527 temptatoque
623 2443 836 2527 perlongum
865 2444 943 2527 iter,
973 2444 1027 2507 ubi
1057 2465 1122 2527 par

206 2553 311 2634 oneri,
341 2573 399 2636 par
421 2553 557 2634 meatui,
587 2551 693 2616 subire
717 2553 856 2635 patrium
879 2574 995 2638 eorpus
1017 2553 1121 2638 inque

205 2658 289 2724 Solis
312 2679 401 2722 aram
422 2658 564 2741 perferre
588 2664 683 2742 atque
708 2657 850 2722 adolere.
891 2658 970 2721 haeo
993 2658 1122 2722 ineerta

204 2769 237 2826 et
259 2761 413 2825 sabulosis
437 2767 545 2824 aucta:
578 2767 722 2826 aeterum
753 2761 852 2845 aspioi
880 2761 1051 2847 aliquando
1084 2762 1121 2826 in

168 2867 358 2951 'vOAegyplO
383 2887 455 2930 eam
477 2867 643 2930 volucrem
665 2888 731 2931 non
754 2867 937 2950 ambigitur.

270 2971 321 3034 29.
360 2968 406 3032 At
440 2969 564 3034 Romae
598 2970 697 3034 oaede
733 2973 885 3036 continua
914 2971 1122 3056 Pomponius

205 3074 326 3157 Labeo,
349 3095 445 3158 quem
469 3073 646 3157 praefuisse
668 3075 812 3140 Moesiae
836 3076 955 3158 rettuli,
977 3096 1036 3160 per
1059 3076 1122 3140 ab·

205 3187 315 3264 ruptas
338 3199 437 3244 venas
461 3177 650 3261 sanguinem
675 3179 804 3263 effudit;
828 3181 1050 3266 aemulataque
1067 3191 1124 3248 est

206 3285 347 3347 coniunx
361 3284 501 3347 Paxaea.
534 3304 608 3347 nam
624 3291 791 3368 promptas
807 3285 875 3349 eius
891 3284 980 3348 modi
995 3291 1122 3350 mortes

184 3395 312 3450 amotus
342 3386 496 3451 carnificis
525 3386 664 3451 faoiebat
693 3395 725 3452 et
748 3390 823 3473 quia
846 3388 989 3452 damnati
1009 3391 1122 3473 publi-

209 3490 286 3552 eatis
309 3489 402 3553 bonis
426 3491 590 3574 sepultura
611 3492 880 3575 prohibebantur,
905 3515 1031 3577 eorum,
1062 3498 1123 3580 qui
