2498 4010
343 310 380 348 AB
394 309 520 349 Excusso
534 309 598 348 DIVI
612 308 740 348 AUGUSTI
753 309 764 346 I
779 309 836 346 2-4.
1023 304 1040 359 3

1 469 3 474 ⁴
93 501 97 506 ·
127 465 285 532 Armenia
308 474 339 531 et
353 469 486 532 vulnere
511 467 687 532 invalidum
706 489 793 532 mors
812 468 877 531 fato
902 488 1042 552 propera
1051 495 1075 534 15

126 573 181 636 vel
204 592 363 637 novercae
379 571 491 636 Liviae
512 571 605 636 dolus
628 573 759 637 abstulit
780 572 954 656 Drusoque
975 571 1040 656 pri·
1124 583 1126 588 ’

129 676 206 742 dem
229 678 372 762 extincto
395 675 599 741 Nerosolus
623 698 640 740 c
670 677 827 761 privignis
851 681 935 757 erat,
965 677 1041 739 illuc

128 789 245 847 cuncta
267 803 419 866 vergere:
452 782 551 864 filius,
582 781 709 864 collega
731 781 875 865 imperii,
910 800 1042 844 consors

126 886 321 950 tribuniciae
361 885 529 970 potestatis
568 885 748 950 adsumitur
781 885 949 970 omnisque
983 905 1042 968 per

128 990 291 1054 exercitus
308 995 496 1071 ostentatur,
512 1009 579 1053 non
593 990 747 1071 obscuris,
763 994 799 1053 ut
814 996 919 1072 antea,
932 989 1041 1053 matris
1052 1015 1077 1052 rc

127 1094 262 1176 artibus,
278 1093 336 1156 sed
347 1093 453 1177 palam
469 1093 610 1156 hortatu.
644 1114 717 1157 nam
734 1111 846 1157 senem
857 1092 1041 1175 Augustum

128 1197 323 1262 devinxerat
342 1195 437 1278 adeo,
459 1196 507 1260 uti
529 1202 682 1280 nepotem
708 1199 839 1262 unicum
861 1191 1043 1283 Agrippam

126 1304 320 1378 Postumum
346 1301 378 1365 in
406 1300 542 1365 insulam
566 1301 748 1365 Planasiam
773 1302 964 1386 proiecerit,
989 1324 1041 1365 ru·

128 1407 208 1472 dem
238 1427 313 1470 sane
345 1405 503 1470 bonarum
534 1406 650 1469 artium
685 1412 717 1469 et
748 1407 866 1472 robore
898 1406 1042 1491 corporis
1104 1391 1106 1393 ¹

127 1511 249 1575 stolide
264 1510 416 1592 ferocem,
439 1509 558 1573 nullius
578 1515 688 1574 tamen
710 1511 823 1594 flagitii
842 1518 1041 1595 conpertum.
1052 1535 1077 1572 aa

128 1621 164 1678 at
193 1615 324 1678 hercule
349 1613 577 1678 Germanicum
597 1613 705 1679 Druso
730 1620 835 1680 ortum
860 1623 932 1680 octo
957 1616 1043 1700 apud

127 1719 282 1783 Rhenum
312 1716 495 1801 legionibus
521 1718 664 1800 inposuit
694 1717 874 1804 adscirique
905 1741 963 1804 per
986 1719 1043 1784 ad-

128 1822 297 1907 optionem
327 1821 435 1902 iussit,
467 1841 661 1905 quamquam
687 1830 773 1886 essct
804 1825 838 1887 in
861 1822 958 1887 domo
988 1824 1042 1887 Ti-

126 1926 213 1992 berii
237 1925 320 1988 filius
343 1925 478 2006 iuvenis,
501 1925 559 1989 sed
576 1945 645 2010 ‘quc
670 1926 814 2011 pluribus
838 1929 1044 1993 munimentis

127 2030 303 2095 insisteret.
334 2028 456 2093 bellum
480 2050 518 2093 ea
538 2035 731 2113 tempestate
754 2031 878 2096 nullum
901 2034 963 2096 nisi
986 2033 1078 2096 ad-ac

129 2156 245 2201 versus
265 2124 444 2198 Germanos
468 2142 643 2217 supererat,
667 2133 845 2198 abolendae
869 2137 973 2218 magis
995 2137 1043 2200 in-

129 2239 250 2305 famiae
266 2239 307 2303 cb
323 2240 475 2302 amissum
494 2260 567 2302 cum
583 2238 738 2312 Quintilio
756 2238 843 2302 Varo
864 2241 1043 2304 exercitum

130 2367 230 2430 quam
253 2343 402 2428 cupidine
425 2342 613 2428 proferendi
636 2343 762 2436 imperii
781 2351 836 2407 aut
853 2344 985 2429 dignum
1003 2346 1043 2409 cb

128 2450 322 2536 praemium.
368 2449 456 2512 domi
493 2469 546 2512 res
580 2449 788 2533 tranquillae,
827 2449 942 2513 eadem
978 2471 1045 2513 ma·

129 2553 325 2638 gistratuum
363 2552 539 2632 vocabula3
586 2552 727 2616 iuniores
775 2558 849 2636 post
878 2552 1043 2619 Actiacam
1055 2571 1080 2610 ³⁵

130 2657 319 2738 victoriam,
367 2657 465 2720 etiam
507 2676 600 2719 senes
646 2657 791 2740 plerique
834 2657 918 2722 inter
960 2659 1047 2723 bella

131 2762 252 2827 civium
281 2760 363 2824 nati:
397 2767 514 2843 quotus
545 2760 678 2844 quisque
710 2760 870 2845 reliquus,
903 2762 957 2846 qui
977 2783 1047 2828 rem

130 2866 298 2953 publicam
320 2865 480 2929 vidisset?

199 2973 230 3034 4.
262 2969 367 3054 Igitur
394 2989 489 3033 verso
521 2969 660 3032 civitatis
690 2974 776 3032 statu
806 2969 886 3032 nihil
909 2992 1046 3054 usquam

131 3076 232 3163 prisci
255 3082 288 3139 et
310 3075 430 3157 integri
452 3076 570 3138 moris:
596 3094 708 3148 omnes
732 3079 830 3138 exuta
853 3076 1047 3159 aequalitate

131 3182 222 3246 iussa
244 3177 396 3263 principis
419 3182 603 3261 aspectare,
631 3178 720 3240 nulla
748 3178 781 3240 in
806 3199 958 3263 praesens
981 3179 1046 3242 fcr-

132 3285 275 3365 midine,
305 3282 382 3348 dum
404 3281 573 3364 Augustus
603 3288 710 3346 aetate
732 3281 859 3345 validus
890 3304 988 3367 seque
1015 3291 1047 3348 et

134 3391 269 3456 domum
286 3396 318 3452 ct
334 3407 447 3472 pacem
464 3385 665 3450 sustentavit.
707 3391 878 3470 postquam
893 3393 1069 3470 provectas

132 3495 200 3558 iam
223 3497 371 3557 senectus
388 3510 486 3574 aegro
504 3496 537 3553 et
552 3510 688 3574 corpore
711 3489 905 3572 fatigabatur
921 3492 1047 3558 aderat-

849 3595 863 3644 1
873 3595 890 3630 s
