2444 4010
225 277 282 332 110
550 275 801 318 coannnnnscrnr

223 460 335 504 rumve
365 440 436 523 quis
466 438 627 502 coleretur
648 432 737 500 haud
758 435 852 500 facilc
875 433 944 519 quis
967 453 1132 498 numerum

223 543 341 608 inierit.
378 561 450 607 cum
475 547 661 607 censeretur
685 540 806 624 clipeus
830 561 907 605 auro
931 546 964 604 et
978 538 1132 623 magnitu-

191 649 299 714 1sdine
316 648 449 733 insignis
467 647 551 712 inter
570 651 720 710 auctores
736 644 950 728 eloquentiae,
967 643 1134 709 adsevera-

223 754 270 819 vit
291 753 439 819 Tiberius
463 752 594 817 solitum
615 769 791 835 paremque
808 747 923 813 ceteris
939 748 1134 813 dicaturum:

222 879 329 944 neque
353 858 438 922 enim
462 855 681 939 eloquentiam
702 853 832 922 fortuna
855 851 993 916 discerni
1015 857 1048 916 ct
1064 852 1136 914 satis

223 963 374 1044 inlustre,
411 961 439 1024 si
477 964 605 1024 veteres
640 959 726 1022 inter
754 957 926 1041 scriptores
955 955 1138 1020 haberetur.

224 1070 374 1151 equester
406 1063 486 1128 ordo
519 1081 657 1126 cuneum
680 1059 864 1133 Germanici
886 1059 1066 1144 appellavit
1089 1061 1140 1143 qui

190 1170 385 1236 2⁰iuniorum
394 1166 766 1250 dicebaturinstituitque
774 1167 821 1230 uti
831 1165 1138 1231 turmaeIdibusIu-

224 1273 274 1338 liis
286 1272 461 1357 imaginem
473 1267 694 1356 sequerentur.
717 1270 871 1355 pleraque
882 1276 1027 1333 manent:
1043 1289 1140 1353 quac-

226 1377 299 1442 dam
322 1376 430 1440 statim
454 1376 573 1440 omissa
594 1381 668 1440 sunt
691 1379 747 1439 aut
769 1380 914 1440 vetustas
933 1373 1140 1438 oblitteravit.

290 1481 342 1544 84.
377 1479 531 1544 Ceterum
562 1479 686 1544 recenti
724 1478 829 1543 adhuc
859 1478 1019 1543 maestitia
1049 1501 1142 1545 soror

227 1583 410 1651 Germanici
432 1583 655 1667 Livianupta
676 1582 786 1646 Druso
812 1581 893 1645 duos
916 1581 1019 1646 virilis
1042 1604 1141 1648 sexus

225 1689 321 1753 simul
352 1689 449 1752 enixa
477 1693 536 1752 est.
582 1686 669 1771 quod
697 1706 805 1752 rarum
832 1677 1017 1771 laetumque
1043 1687 1142 1752 etiam

225 1793 360 1860 modicis
383 1792 553 1877 penatibus
573 1797 663 1855 tanto
680 1791 798 1875 gaudio
815 1791 995 1876 principem
1011 1791 1141 1872 adfecit,

204 1906 261 1963 tut
292 1919 358 1962 non
385 1895 616 1982 temperaverit
645 1897 724 1981 quin
752 1897 888 1959 iactaret
910 1892 997 1980 apud
1020 1904 1141 1981 patres,

224 2002 303 2068 nulli
331 2007 405 2066 ante
429 1999 652 2066 Romanorum
675 1999 822 2064 eiusdem
844 1999 965 2084 fastigii
987 2000 1060 2065 viro
1086 2023 1142 2086 gc·

224 2106 343 2171 minam
356 2106 490 2189 stirpem
506 2103 642 2186 editam,
657 2125 733 2168 nam
749 2110 872 2187 cuncta,
889 2107 984 2169 etiam
996 2105 1142 2186 fortuita,
1215 2088 1219 2097 ¹

225 2211 266 2274 ad
288 2209 427 2294 gloriam
448 2208 605 2273 vertebat.
644 2209 703 2272 scd
725 2208 847 2292 populo
867 2208 926 2272 tali
940 2208 974 2271 in
989 2214 1142 2293 tempore

224 2314 260 2380 id
282 2335 410 2399 quoque
434 2311 582 2377 dolorem
605 2312 689 2396 tulit,
713 2318 876 2398 tamquam
900 2318 1013 2377 auctus
1029 2313 1143 2378 liberis

193 2418 351 2482 roDrusus
374 2417 506 2481 domum
529 2417 714 2482 Germanici
735 2419 838 2502 magis
861 2424 1026 2502 urgueret.

292 2523 343 2586 85.
374 2521 501 2586 Eodem
530 2541 613 2586 anno
644 2526 751 2586 actum
782 2521 821 2586 dc
845 2523 944 2586 sacris
966 2523 1143 2607 Aegyptiis

225 2625 429 2709 Iudaicisque
458 2623 619 2709 pellendis
648 2625 831 2708 factumque
860 2629 988 2709 patrum
1012 2625 1143 2690 consul-

226 2738 304 2812 tum,
320 2734 356 2793 ut
372 2733 522 2813 quattuor
536 2727 624 2792 milia
637 2728 778 2793 libertini
792 2729 921 2814 generis
935 2749 974 2794 ea
985 2731 1143 2814 supersti-

226 2835 316 2899 tione
338 2833 467 2915 infecta,
491 2833 561 2928 quiq
584 2831 704 2896 idonea
727 2837 826 2914 aetas,
848 2817 883 2898 in
905 2833 1043 2897 insulam
1067 2834 1143 2900 Sar-

206 2937 347 3002 sdiniam
370 2938 565 3002 veherentur
582 2936 771 3002 coercendis
785 2937 851 3002 illic
865 2937 1056 3002 latrociniis:
1081 2941 1144 3003 etsi

228 3043 269 3106 cb
293 3041 485 3126 gravitatem
501 3039 582 3104 caeli
597 3039 790 3123 interissent,
813 3041 877 3106 vile
894 3040 1064 3125 damnum3
1088 3063 1144 3107 cc-

227 3145 289 3212 tsri
313 3144 467 3210 cederent
488 3142 599 3225 Italia,
629 3144 692 3208 nisi
716 3149 836 3209 certam
859 3151 933 3210 ante
957 3145 1044 3211 diem
1067 3166 1145 3230 pro-

225 3251 318 3316 fanos
339 3249 420 3314 ritus
442 3249 618 3314 exuissent.

239 3370 242 3375 ·
292 3356 344 3419 86.
375 3354 456 3418 Post
478 3373 560 3436 quae
584 3354 709 3418 rettulit
724 3353 843 3442 ansar
867 3355 1058 3438 capiendam
1075 3355 1143 3420 vir·

229 3458 337 3542 ginem
364 3458 397 3522 in
425 3457 535 3522 locum
564 3457 699 3539 Occiae,
730 3481 811 3544 quae
844 3465 969 3546 septem
993 3468 1027 3526 et
1049 3461 1145 3545 quin-
