2482 4014
325 337 363 374 AB
378 336 504 376 EXGESSU
519 337 583 376 DIVI
597 337 724 377 AUGUSTI
738 337 769 376 VI
783 338 866 377 28-30.
989 333 1046 390 237

139 497 180 561 de
204 517 238 560 se
264 494 446 559 statuebant
468 495 683 570 humabantur
707 517 852 582 corpora,
875 498 1048 564 manebant

136 604 341 690 testamenta,
362 600 502 682 pretium
518 599 703 664 festinandi.
735 601 791 665 sed
809 600 928 666 Caesar
943 603 1047 667 missis

137 705 179 769 ad
208 710 354 768 senatum
383 704 497 768 litteris
530 702 680 768 disseruit
708 725 831 768 morem
861 705 1047 789 maioribus,

138 809 287 894 quotiens
312 807 499 872 dirimerent
528 807 699 890 amicitias,
731 807 925 873 interdicere
949 808 1082 874 domoro
1107 801 1110 808 ’

137 933 275 996 eumque
298 911 395 975 finem
419 911 543 993 gratiae
566 931 706 994 ponere:
736 911 769 975 id
798 933 833 976 so
855 913 1046 997 repetivisse

136 1018 168 1082 in
190 1017 344 1102 Labeone
367 1020 463 1099 atque
486 1015 586 1097 illum,
611 1015 686 1098 quia
705 1017 788 1079 male
807 1016 1046 1082 administratae

135 1120 320 1205 provinciae
343 1119 541 1202 aliorumque
566 1119 733 1184 criminum
752 1121 955 1204 arguebatur,
980 1123 1045 1186 cul-

135 1248 211 1311 pam
241 1224 363 1289 invidia
390 1224 564 1305 velavisse,
597 1224 714 1288 frustra
737 1227 911 1290 conterrita
933 1245 1046 1308 uxore,

137 1351 232 1416 quam
264 1329 323 1392 etsi
353 1332 526 1392 nocentem
557 1326 694 1416 periculi
727 1333 835 1392 tamen
866 1335 1046 1414 expertem.
1057 1351 1082 1388 15

136 1433 317 1498 Mamercus
349 1430 423 1496 dein
451 1430 590 1495 Scaurus
619 1451 743 1494 rursum
773 1433 968 1516 postulatur,
997 1435 1045 1499 in-

136 1540 236 1622 signis
258 1535 428 1600 nobilitate
452 1542 485 1598 et
509 1533 638 1599 orandis
668 1535 786 1616 causis,
814 1534 881 1599 vita
910 1538 1045 1621 probro·

136 1663 199 1705 sus.
230 1640 310 1705 nihil
328 1641 414 1704 hunc
430 1638 571 1703 amicitia
586 1638 696 1702 Seiani
716 1637 774 1701 sed
790 1638 940 1704 labefecit
959 1641 1045 1704 haud

135 1746 240 1809 minus
269 1744 412 1808 validum
445 1741 487 1808 ad
521 1742 619 1807 exitia
642 1742 802 1808 Macronis
835 1744 960 1827 odium,
991 1745 1046 1829 qui

136 1848 268 1914 easdem
297 1854 381 1912 artes
412 1847 567 1912 occultius
597 1847 785 1928 exercebat3
823 1845 1045 1932 detuleratque
1054 1876 1082 1914 ao

137 1961 360 2039 argumentum
375 1953 564 2035 tragoediae
587 1950 742 2016 aScauro
767 1949 904 2031 scriptae
928 1949 1046 2014 additis

136 2059 282 2123 versibus
319 2059 373 2143 qui
412 2058 444 2121 in
475 2056 640 2121 Tiberium
674 2055 896 2146 flecterentur:
934 2073 1054 2117 verum·

136 2165 176 2228 ab
200 2162 337 2227 Servilio
362 2169 394 2226 et
416 2161 566 2226 Cornelio
591 2158 829 2223 accusatoribus
852 2157 1046 2222 adulterium

134 2267 264 2348 Liviae,
293 2286 461 2350 magorum
485 2284 575 2328 sacra
599 2261 852 2326 obiectabantur.
897 2261 1045 2345 Scaurus,
1093 2323 1101 2335 ,

135 2377 171 2436 ut
195 2371 329 2454 dignum
351 2369 514 2434 veteribus
536 2365 703 2448 Aemiliis,
728 2364 967 2430 damnationem
989 2386 1082 2428 an-as

135 2477 206 2541 teiit
235 2477 385 2540 hortante
409 2474 521 2538 Sextia
543 2493 663 2554 uxore,
693 2491 775 2556 quae
804 2471 1045 2535 incitamentum

137 2580 248 2645 mortis
272 2586 304 2644 et
325 2578 486 2662 particeps
509 2576 578 2642 fuit.

203 2677 253 2749 30.
288 2684 469 2748 notamen
497 2686 717 2762 accusatores,
747 2679 774 2742 si
803 2679 937 2742 facultas
966 2678 1044 2742 inci-

138 2787 238 2869 deret,
252 2787 366 2873 poenis
382 2784 622 2866 adficiebantur,
636 2789 674 2847 ut
690 2783 842 2848 Servilius
860 2781 1044 2846 Cornelius-

136 2918 197 2983 que
214 2894 349 2981 perdito-
359 2891 479 2955 Scauro
495 2889 620 2969 famosi,
640 2888 715 2972 quia
726 2887 898 2970 pecuniam
913 2882 1045 2947 aVario

134 3000 255 3084 Ligure
277 2994 473 3063 omittendae
491 2993 662 3058 delationis
686 2995 847 3075 ceperant,
870 2989 903 3051 in
925 2987 1045 3051 insulas

134 3102 306 3169 interdicto
330 3100 397 3185 igni
421 3105 517 3184 atque
541 3119 623 3184 aqua
646 3096 868 3189 demotisunt.
907 3099 939 3156 et
954 3089 1068 3161 Abu-5

137 3209 208 3273 dius
230 3207 320 3270 Ruso
350 3205 478 3268 functus
507 3202 672 3267 aedilitate
696 3198 773 3263 dum
795 3195 934 3261 Lentulo
960 3193 1044 3257 Gae-

134 3313 251 3393 tulico,
289 3310 347 3374 sub
380 3327 443 3392 quo
475 3306 599 3390 legioni
629 3303 829 3390 praefuerat,
866 3298 1045 3385 periculum

135 3415 274 3496 facessit,
291 3411 377 3498 quod
390 3412 418 3474 is
430 3410 538 3475 Seiani
552 3409 652 3473 filium
668 3427 822 3492 generum
843 3404 1045 3487 destinasset,

135 3522 219 3586 ultro
245 3517 414 3583 damnatur
437 3520 533 3598 atque
556 3513 635 3577 urbe
660 3511 810 3594 exigitur.
857 3509 1043 3574 Gaetulicus
