2498 4010
281 325 317 363 AB
332 324 457 364 EXGESSU
470 324 535 363 DIVI
548 323 675 364 AUGUSTI
688 324 711 362 11
725 324 810 364 11-14.
957 317 994 373 65

86 479 320 560 adulationcm;
344 480 370 543 si
394 482 501 545 contio
519 485 662 562 vocetur,
687 481 752 545 illic
768 501 897 565 quoque
913 502 996 566 quae

85 585 179 669 pauci
200 584 354 670 incipiant
375 587 518 669 reliquos
534 586 732 670 adstrepere.
770 587 899 670 penitus
921 607 996 650 nos·

86 688 204 753 cendas
235 694 376 774 mentes,
405 712 476 754 cum
508 693 626 756 secreti
648 697 681 756 et
703 691 890 756 incustoditi
912 692 1018 756 interi

86 793 231 858 militaris
255 794 343 858 cibos
366 817 457 880 spem
481 801 537 860 aut
559 802 680 861 metum
701 795 892 880 proferrent.

153 899 202 961 13.
238 897 342 963 Nocte
374 905 491 984 coepta
522 919 670 984 egressus
692 899 839 982 augurali
860 920 920 983 per
943 918 996 962 oe·

84 1003 172 1067 culta
201 1009 234 1067 et
264 1003 412 1087 vigilibus
435 1005 556 1087 ignara,
580 1005 696 1070 comite
719 1025 801 1087 uno,
831 1009 997 1069 contectus

83 1129 215 1174 umeros
237 1107 340 1173 ferina
362 1109 457 1192 pelle,
481 1109 549 1174 adit
572 1116 750 1174 castrorum
772 1109 849 1190 vias,
873 1107 998 1171 adsistit

84 1213 298 1279 tabernaculis
321 1214 498 1298 fruiturque
515 1216 607 1306 'fama
629 1214 688 1296 sui,
713 1235 784 1278 cum
808 1212 859 1278 hio
881 1212 997 1275 nobili-

84 1324 185 1382 tatem
210 1317 315 1400 ducis,
349 1317 500 1382 decorem
524 1319 622 1400 alius,
646 1317 777 1403 plurimi
798 1315 1018 1401 patientiam,s

85 1424 287 1505 comitatem,
311 1443 370 1508 per
393 1423 476 1486 seria
497 1444 556 1507 per
579 1423 669 1487 iocos
693 1421 833 1486 eundem
855 1419 997 1483 animum

84 1526 235 1590 laudibus
264 1527 385 1591 ferrent
415 1526 678 1611 reddendamque
710 1526 847 1608 gratiam
873 1523 907 1586 in
929 1523 998 1586 acie

84 1631 271 1714 faterentur,
295 1631 389 1695 simul
411 1631 552 1717 perfidos
568 1637 601 1695 et
615 1637 764 1716 ruptores
780 1629 868 1712 pacis
884 1626 998 1691 ultioni

86 1742 118 1798 et
140 1735 267 1818 gloriae
290 1735 488 1801 mactandos.
526 1737 610 1800 inter
633 1755 716 1818 quae
740 1754 822 1796 unus
845 1732 997 1812 hostium,

85 1837 220 1903 Latinae
243 1839 373 1924 linguae
396 1840 511 1923 sciens,
534 1845 606 1904 acto
624 1839 664 1902 ad
680 1837 800 1902 vallum
816 1854 899 1920 equo
916 1853 996 1899 voce
1008 1856 1034 1894 ro

86 1963 204 2026 magna
235 1944 388 2028 coniuges
419 1950 451 2009 et
481 1964 575 2028 agros
608 1951 640 2008 et
670 1941 822 2027 stipendii
853 1941 886 2003 in
919 1937 998 2019 dics,

88 2047 192 2113 donec
206 2048 391 2132 bellaretur,
408 2050 575 2115 sestertios
591 2054 755 2130 centenos,
772 2047 799 2109 si
815 2044 883 2130 quis
895 2049 999 2107 trans·

87 2153 231 2238 fugisset,
254 2153 393 2220 Arminii
416 2156 546 2221 nomine
569 2156 751 2239 pollicetur.
796 2153 939 2218 incendit
963 2175 1002 2217 ca

90 2259 285 2323 contumelia
307 2259 473 2343 legionum
497 2262 576 2325 iras:
609 2261 736 2326 veniret
760 2261 846 2342 dies,
871 2259 1002 2323 daretur

89 2382 214 2446 pugna;
244 2369 446 2448 sumpturum
478 2365 613 2429 militem
638 2364 872 2429 Germanorum
897 2383 1002 2446 agros,
1014 2385 1039 2424 1s

90 2473 265 2532 tracturum
281 2469 452 2552 coniugcs3
474 2470 621 2554 accipere
639 2491 735 2535 omen
752 2476 784 2535 ct
800 2470 1005 2534 matrimonia

91 2591 126 2635 ac
154 2573 306 2656 pecunias
336 2575 480 2638 hostium
509 2573 651 2658 praedae
685 2573 857 2638 destinare.
908 2572 1005 2637 tertia

91 2673 188 2739 ferme
212 2676 322 2760 vigilia
347 2675 544 2744 adsultatum
568 2683 617 2742 est
641 2678 754 2742 castris
770 2678 839 2742 sina
856 2677 1004 2741 coniectu

93 2777 162 2862 teli,
191 2788 361 2865 postquam
387 2781 515 2845 crebras
539 2801 597 2867 pro
623 2781 830 2846 munimentis
855 2782 1005 2846 cohortes

95 2885 126 2942 et
145 2883 224 2947 nihil
245 2885 417 2949 remissum
441 2907 583 2951 sensere.
1014 2914 1040 2953 ao
1107 2929 1115 2950 .

158 2989 205 3052 14.
237 2988 314 3052 Nox
345 2989 460 3054 eadem
492 2991 610 3054 laetam
635 2988 830 3053 Germanico
862 2989 1005 3073 quietern

96 3089 163 3153 tulit
189 3092 334 3177 viditque
357 3114 391 3157 se
417 3099 586 3179 operatum
609 3098 642 3158 et
665 3093 823 3176 sanguino
846 3091 929 3154 sacri
953 3112 1004 3156 re·

96 3212 199 3275 spersa
218 3202 387 3282 praetexta
403 3197 622 3282 pulchriorem
637 3197 735 3262 aliam
752 3197 898 3261 manibus
913 3196 1005 3260 aviae

98 3293 256 3380 Augustae
281 3302 456 3386 accepisse.
502 3309 615 3366 auctus
639 3301 757 3384 omine,
782 3298 1006 3365 addicentibus

99 3403 247 3488 auspiciis,
269 3410 366 3469 vocat
389 3406 573 3469 contionem
597 3410 735 3489 atquae
758 3405 895 3488 sapienti
910 3423 1027 3488 prae-⁵

101 3521 171 3589 saga
183 3515 320 3594 aptaque
336 3509 506 3574 inminenti
521 3529 650 3595 pugnae
668 3509 805 3573 disserit.
835 3528 902 3571 non
917 3527 1004 3570 cam·
