2498 4010
237 294 274 350 22
561 298 699 337 CORNELII
712 297 809 336 raom

236 462 354 521 tantur.
392 455 552 521 utendum
574 455 783 520 inclinatione
808 475 846 518 ea
869 453 989 518 Caesar
1011 459 1045 516 et
1064 472 1146 536 quae

238 581 330 624 casus
354 559 514 624 obtulerat
535 559 569 622 in
593 559 785 642 sapientiam
799 556 957 622 vertenda
978 565 1065 620 ratus
1088 557 1147 620 cir-

202 689 227 727 15
238 664 351 729 cumiri
374 664 515 728 tentoria
531 645 643 727 iubet:
676 664 798 726 accitur
828 662 972 726 centurio
998 661 1149 726 Clemens

238 775 270 832 et
294 770 320 832 si
343 769 395 833 alii
417 769 512 832 bonis
536 768 656 832 artibus
680 767 763 850 grati
786 767 819 829 in
840 766 966 851 vulgus.
1011 765 1044 828 hi
1066 765 1147 848 vigi-

236 874 287 937 liis
320 874 510 938 stationibus
547 872 701 937 custodiis
731 877 896 957 portarum
928 892 963 935 se
994 871 1148 949 inserunt,
1241 865 1242 870 ’

237 1001 329 1064 spem
344 979 493 1053 offerunt,
509 982 632 1040 metum
643 975 824 1039 intendunt.
847 995 921 1059 ,quo
934 995 1035 1059 usque
1048 973 1149 1036 filium

237 1082 440 1166 imperatoris
457 1079 701 1144 obsidebimus?
725 1079 795 1163 quis
819 1080 1029 1143 certaminum
1050 1078 1148 1141 finis?
1241 1127 1242 1130 η

203 1206 228 1244 ao
237 1185 459 1250 Percennione
500 1192 534 1247 ct
564 1184 726 1248 Vibuleno
767 1187 1002 1247 sacramentum
1035 1181 1150 1246 dicturi

238 1290 371 1354 sumus?
403 1288 601 1353 Percennius
625 1292 658 1350 et
679 1285 861 1351 Vibulenus
884 1285 1046 1370 stipendia
1068 1285 1151 1348 mili·
1241 1273 1242 1326 l

237 1394 332 1476 tibus,
357 1414 451 1479 agros
468 1393 610 1457 emeritis
631 1391 831 1474 largientur?
855 1391 994 1474 denique
1008 1411 1067 1475 pro
1083 1389 1150 1452 Ne-

172 1505 174 1508 ’
237 1499 370 1562 renibus
400 1504 433 1562 et
454 1496 569 1561 Drusis
599 1497 770 1580 imperium
800 1496 912 1580 populi
934 1495 1074 1560 Romani
1097 1515 1150 1558 ca·

238 1602 391 1687 pessent?
415 1601 492 1686 quin
507 1601 626 1686 potius,
646 1608 682 1664 ut
703 1600 871 1665 novissimi
893 1601 926 1664 in
945 1600 1082 1683 culpam,
1106 1599 1152 1662 ita

203 1726 228 1764 ao
236 1706 332 1790 primi
354 1705 396 1770 ad
418 1704 672 1790 paenitentiam?
704 1704 796 1768 tarda
818 1724 900 1787 quae
922 1704 955 1765 in
979 1723 1151 1766 commune

238 1811 499 1894 expostulentur:
524 1809 681 1893 privatam
703 1809 840 1891 gratiam
863 1807 971 1870 statim
993 1826 1152 1887 mereare,

238 1914 344 1975 statim
367 1911 524 1997 recipias‘
561 1912 730 1976 commotis
751 1932 811 1995 per
832 1911 913 1974 haec
935 1910 1097 1974 mentibus
1120 1918 1153 1973 et

237 2016 322 2080 inter
344 2035 378 2078 se
402 2015 569 2098 suspectis,
595 2016 735 2079 tironem
759 2036 777 2078 a
798 2020 963 2095 veterano,
986 2013 1151 2099 legionem

238 2140 257 2182 a
278 2119 408 2202 legione
433 2119 615 2183 dissociant.
663 2127 732 2184 tum
755 2120 860 2184 redire
883 2120 1036 2204 paulatim
1061 2141 1152 2184 amor

203 2221 400 2304 ooobsequii:
426 2221 576 2285 omittunt
600 2230 721 2306 portas,
745 2223 837 2306 signa
859 2244 958 2287 unum
982 2222 1015 2286 in
1041 2222 1150 2287 locum
1240 2241 1241 2288 1

237 2327 394 2411 principio
434 2326 601 2390 seditionis
639 2334 835 2410 congregata
872 2348 946 2391 suas
982 2326 1015 2390 in
1055 2326 1151 2390 sedes

237 2432 390 2510 referunt.

304 2536 355 2598 29.
378 2532 504 2598 Drusus
521 2539 592 2596 orto
610 2532 662 2598 die
679 2539 712 2597 et
726 2539 842 2598 vocata
860 2533 1023 2615 contione,
1039 2554 1151 2616 quam-

239 2658 335 2721 quam
357 2636 446 2700 rudis
478 2636 623 2719 dicendi,
656 2638 826 2702 nobilitate
855 2637 999 2721 ingenita
1026 2636 1152 2702 incusat

238 2741 362 2826 priora,
394 2742 510 2825 probat
541 2740 744 2824 praesentia;
774 2746 873 2823 negat
902 2761 936 2804 se
964 2747 1087 2804 terrore
1120 2747 1153 2804 et

239 2844 334 2908 minis
361 2843 462 2908 vinci:
492 2845 595 2909 flexos
625 2845 666 2909 ad
696 2845 889 2910 modestiam
919 2845 945 2909 si
975 2845 1100 2926 videat,
1125 2847 1152 2909 si

217 2947 399 3032 asupplioes
418 2947 536 3029 audiat,
560 2947 751 3031 scripturum
774 2948 858 3033 patri
880 2954 916 3012 ut
937 2948 1081 3033 placatus
1105 2949 1152 3013 le-

239 3053 372 3135 gionum
394 3071 507 3135 preces
525 3052 699 3136 exciperet.
740 3054 904 3118 orantibus
920 3075 1045 3120 rursum
1064 3055 1152 3119 idem

239 3156 373 3219 Blaesus
403 3164 436 3218 et
464 3154 501 3218 L.
531 3154 696 3239 Apronius
726 3177 825 3240 eques
855 3158 1022 3222 Romanus
1052 3179 1069 3222 e
1099 3179 1154 3222 co-

239 3260 332 3325 horte
368 3259 467 3322 Drusi
503 3258 675 3343 lustusque
707 3260 862 3325 Catonius
898 3262 992 3346 primi
1031 3262 1154 3326 ordinis
1239 3279 1240 3318 l

240 3365 385 3429 centurio
415 3363 455 3426 ad
477 3363 643 3428 Tiberium
672 3364 850 3430 mittuntur.
895 3373 1053 3430 certatum
1076 3365 1153 3430 inde

206 3492 230 3530 1o
240 3466 415 3548 sententiis,
439 3486 512 3530 oum
534 3465 588 3529 alii
606 3466 823 3551 opperiendos
846 3467 972 3551 legatos
988 3475 1083 3552 atque
1104 3469 1153 3532 in·
