2482 4014
223 311 281 366 212
539 310 791 352 conrannnaorrr

290 471 340 535 75.
374 470 529 535 Ceterum
568 470 716 536 Tiberius
751 476 883 555 neptem
919 467 1131 553 Agrippinam

225 575 419 642 Germanico
451 580 555 639 ortem
584 595 655 639 oum
687 594 795 638 eoram
819 573 877 638 Cn.
900 572 1047 637 Domitio
1072 578 1133 635 tra

215 680 368 761 didisset,
379 679 412 742 in
422 680 501 744 urbe
512 678 670 744 celebrari
678 677 808 762 nuptias
819 677 921 742 iussit.
945 676 1132 741 inDomitio

223 806 320 870 snper
342 791 537 850 vetustatem
559 783 689 867 generis
711 783 926 868 propinquum
943 781 1134 847 Caesaribus

203 891 412 975 asanguinem
445 887 626 973 delegerat3
658 909 734 952 nam
766 887 872 952 aviam
904 884 1076 951 Octaviam
1105 891 1135 949 et

223 994 406 1080 Augustum
429 994 621 1058 avunculum
644 993 858 1077 praeferebat.

432 1325 700 1414 CORNELII
732 1330 924 1414 TAOITI

326 1511 393 1585 AB
420 1511 642 1586 EXOESSU
669 1512 777 1585 DIVI
804 1511 1028 1586 AUGUSTI

412 1673 527 1732 nrssnr
555 1673 593 1733 v.
646 1673 942 1732 anaaununou.

291 1936 320 1997 1.
354 1934 506 2000 Rubellio
525 1940 558 1998 et
573 1934 665 1998 Fufio
691 1934 884 2016 oonsulibus,
904 1953 1041 2018 quorum
1057 1933 1138 1996 utri·
1162 1983 1164 1988 .

106 2081 108 2086 ,
224 2060 286 2122 que
298 2038 454 2105 Geminus
465 2047 726 2125 cognomentum,
742 2039 984 2125 InliaAugusta
999 2046 1138 2103 mortem
1220 2029 1221 2080 l

225 2142 319 2225 obiit,
349 2149 455 2208 aetate
487 2150 649 2226 extrema,
679 2145 859 2208 nobilitatis
885 2163 946 2230 per
969 2143 1138 2208 Claudiam

222 2246 377 2310 familiam
388 2252 421 2311 et
430 2246 607 2334 adoptione
616 2248 783 2314 Liviorum
793 2249 1015 2333 Iuliorumque
1027 2249 1137 2314 elaris·

202 2351 333 2414 ssimae.
378 2352 518 2435 primum
544 2353 786 2418 matrimonium
816 2359 849 2418 et
870 2352 965 2418 liberi
987 2374 1061 2417 eum
1085 2353 1137 2417 Τί-

223 2456 313 2519 berio
337 2454 484 2542 Nerone,
502 2457 555 2540 qui
577 2457 664 2521 bello
687 2458 844 2522 Perusino
869 2456 1035 2542 profugus,
1057 2475 1138 2541 paee

222 2560 307 2622 inter
318 2556 395 2622 Sex.
406 2560 597 2645 Pompeium
618 2583 655 2626 ao
667 2562 852 2628 triumviros
866 2566 961 2645 paota
975 2561 1008 2625 in
1024 2559 1138 2624 urbem

223 2661 328 2726 rediit.
359 2662 445 2727 exim
457 2663 577 2729 Caesar
592 2665 744 2750 cupidine
756 2665 878 2730 formae
889 2665 995 2730 aufert
1008 2665 1137 2741 marito,

222 2767 380 2830 incertum
410 2788 452 2831 an
483 2767 632 2833 invitam:
670 2769 790 2834 nullam
825 2769 960 2854 posthae
990 2767 1136 2832 subolem

190 2894 215 2932 ιο
226 2870 343 2954 edidit,
373 2871 430 2936 sed
461 2873 608 2957 sanguini
630 2871 772 2957 Augusti
793 2894 853 2958 per
875 2869 1135 2939 coniunctionem

223 2974 426 3060 Agrippinae
448 2982 480 3039 et
497 2974 679 3039 Germanioi
697 2976 826 3041 adnexa
849 2995 1038 3040 communes
1060 2995 1135 3059 pro·

224 3086 361 3165 nepotes
392 3077 513 3144 habuit.
567 3079 735 3144 sanctitate
774 3078 888 3144 domus
918 3079 1060 3164 priscum
1096 3077 1135 3142 ad

224 3203 366 3266 morem,
396 3182 497 3246 oomis
526 3182 611 3246 ultra
633 3203 729 3268 quam
751 3184 889 3269 antiquis
911 3184 1039 3249 feminis
1061 3203 1135 3268 pro·

224 3287 344 3366 batum,
367 3292 470 3349 mater
485 3285 645 3369 inpotens,
664 3307 747 3351 uxor
762 3287 863 3352 facilis
877 3293 911 3352 et
925 3309 998 3352 eum
1014 3289 1135 3353 artibus

192 3420 216 3458 15
225 3390 347 3473 mariti,
376 3390 582 3456 simulatione
611 3391 669 3455 filii
698 3392 782 3457 bene
806 3392 995 3477 composita.
1042 3393 1135 3456 funus

209 3493 400 3576 modicum,
423 3500 651 3560 testamentum
675 3495 730 3560 din
745 3496 885 3561 inritum.
923 3494 1054 3560 laudata
1077 3515 1133 3582 pro
