2498 4010
310 299 347 338 AB
361 298 486 339 Excussu
499 299 564 338 DIVI
578 298 705 338 AUGUSTI
717 299 729 337 I
743 298 826 339 18—21.
980 295 1014 349 17

104 457 279 522 venissent.
323 457 468 542 profecto
491 458 608 523 iuvene
630 459 794 523 modicum
814 460 933 524 otium:
957 460 1015 525 sed

104 559 271 645 superbire
286 561 388 643 miles,
412 562 499 646 quod
522 561 606 626 filius
629 563 728 647 legati
744 570 853 628 orator
867 565 1015 648 publicae

105 686 222 730 causae
244 668 321 731 satis
340 668 526 733 ostenderet
548 667 739 734 necessitate
764 691 918 754 expressa
933 693 1014 756 quae
1085 713 1087 718 -

103 792 162 855 per
185 771 378 838 modestiam
401 793 468 836 non
491 773 715 838 obtinuissent.

170 878 223 940 20.
254 875 384 942 Interea
399 876 555 962 manipuli
568 883 643 964 ante
659 884 808 962 coeptam
823 879 1016 943 seditionem

103 981 308 1066 Nauportum
322 981 410 1045 missi
424 982 464 1046 ob
479 981 595 1046 itinera
610 989 643 1045 et
656 988 772 1066 pontes
788 989 820 1046 et
833 983 914 1047 alios
929 1005 1015 1066 usus,

102 1091 275 1173 postquam
303 1086 465 1150 turbatum
494 1087 528 1150 in
558 1087 670 1150 castris
697 1107 868 1171 accepere,
897 1088 1017 1152 vexilla

102 1190 292 1254 convellunt
308 1190 505 1274 direptisque
521 1190 678 1274 proximis
689 1190 768 1255 vicis
783 1191 918 1276 ipsoque
928 1191 1015 1256 Nau-

101 1301 208 1379 porto,
232 1296 319 1379 quod
343 1295 508 1378 municipii
530 1295 632 1359 instar
656 1300 738 1377 erat,
757 1296 926 1360 retinentis
942 1317 1038 1361 cen-⁵

101 1400 249 1464 turiones
264 1398 363 1462 inrisu
373 1407 406 1463 et
421 1399 633 1480 contumeliis,
650 1404 814 1483 postremo
827 1401 1017 1465 verberibus

100 1505 311 1587 insectantur,
326 1503 499 1589 praecipua
514 1504 547 1568 in
562 1503 771 1570 Aufidienum
786 1503 907 1568 Rufum
922 1525 1015 1588 prae-

101 1610 225 1674 fectum
252 1615 429 1674 castrorum
460 1610 522 1691 ira,
552 1629 648 1692 quem
672 1609 842 1693 dereptum
867 1608 1014 1674 vehiculo

101 1713 236 1777 sarcinis
260 1720 395 1798 gravant
418 1719 581 1798 aguntque
604 1713 708 1798 primo
732 1714 766 1778 in
788 1715 934 1797 agmine,
958 1734 1016 1797 per

101 1816 275 1880 ludibrium
293 1817 470 1900 rogitantes
493 1838 534 1881 an
556 1823 622 1880 tam
644 1817 802 1882 immensa
818 1838 927 1900 onera,
949 1823 1015 1882 tam
1025 1837 1049 1874 10

101 1922 202 2005 longa
227 1921 344 1984 itinera
367 1921 505 1986 libenter
538 1921 644 1986 ferret.
691 1921 810 2006 quippe
831 1920 936 1985 Rufus
959 1921 1015 1984 diu

102 2024 334 2109 manipularis,
369 2023 442 2088 dein
476 2025 639 2106 centurio,
671 2047 751 2091 mox
779 2025 889 2089 castris
920 2047 1014 2110 prae-

101 2129 206 2194 fectus
243 2128 406 2212 antiquam
437 2128 612 2213 duramque
648 2129 796 2194 militiam
831 2131 1015 2214 revocabat,

101 2241 196 2297 vetus
213 2232 319 2317 operis
342 2255 380 2298 ac
401 2233 521 2297 laboris
544 2239 577 2296 et
596 2253 635 2297 eo
659 2234 811 2315 inmitior,
835 2235 910 2318 quia
932 2237 1014 2300 tole-

101 2344 243 2402 raverat.
1025 2364 1050 2402 15

170 2443 222 2506 21.
252 2442 380 2506 Horum
411 2444 552 2507 adventu
575 2443 814 2529 redintegratur
836 2445 952 2509 seditio
983 2451 1016 2509 et

100 2547 180 2629 vagi
203 2547 407 2612 circumiecta
434 2548 681 2632 populabantur.
726 2547 862 2612 Blaesus
896 2569 1016 2632 paucos

101 2651 246 2716 maxime
276 2652 399 2736 praeda
421 2659 553 2718 onustos
583 2651 625 2716 ad
654 2658 811 2717 terrorem
835 2657 1014 2716 ceterorum

101 2755 198 2820 adfici
212 2757 410 2840 verberibus,
434 2757 540 2821 claudi
554 2777 682 2822 earcere
697 2757 805 2837 iubet3
828 2778 902 2820 nam
918 2758 1016 2822 etiam

102 2867 174 2922 turn
205 2859 313 2943 legato
346 2882 365 2924 a
396 2861 636 2926 centurionibus
668 2867 701 2924 et
733 2862 855 2946 optimo
887 2881 1037 2945 quoques

103 2963 354 3048 manipularium
378 2965 560 3048 parebatur.
610 2965 658 3028 illi
683 2965 784 3029 obniti
805 2965 1016 3047 trahentibus,

102 3088 264 3152 prensare
281 3067 555 3132 circumstantium
577 3088 698 3152 genua,
726 3070 812 3132 ciere
836 3069 934 3133 modo
957 3090 1015 3133 no·
1063 3131 1072 3151 ‚

103 3172 193 3235 mina
211 3171 422 3256 singulorum,
444 3172 542 3239 modo
560 3173 735 3237 centuriam
752 3174 886 3257 quisque
903 3172 1017 3236 cohor-

104 3283 171 3342 tem
201 3276 381 3361 legionem,
410 3275 525 3340 eadem
549 3275 697 3340 omnibus
725 3276 883 3340 inminere
906 3275 1016 3339 clami-

104 3386 221 3444 tantes.
266 3379 361 3442 simul
384 3379 503 3462 probra
525 3379 559 3442 in
579 3380 722 3463 legatum
747 3380 921 3460 cumulant,
945 3399 1051 3443 cae-10

106 3484 173 3548 lum
189 3506 226 3549 ac
243 3484 324 3549 deos
340 3483 551 3560 obtestantur,
575 3483 654 3547 nihil
673 3484 789 3567 reliqui
804 3483 934 3564 faciunt,
952 3502 1016 3566 quo
