<?xml version="1.0" encoding="UTF-8"?>
<!DOCTYPE html PUBLIC "-//W3C//DTD XHTML 1.0 Transitional//EN"
    "http://www.w3.org/TR/xhtml1/DTD/xhtml1-transitional.dtd">
<html xmlns="http://www.w3.org/1999/xhtml" xml:lang="en" lang="en">
 <head>
  <title>
</title>
<meta http-equiv="Content-Type" content="text/html;charset=utf-8" />
  <meta name='ocr-system' content='tesseract 3.04.00' />
  <meta name='ocr-capabilities' content='ocr_page ocr_carea ocr_par ocr_line ocrx_word'/>
</head>
<body>
  <div class='ocr_page' id='page_1' title='image "./annalen01tacigoog_0157.png"; bbox 0 0 2444 4010; ppageno 0'>
   <div class='ocr_carea' id='block_1_1' title="bbox 246 284 825 339">
    <p class='ocr_par' dir='ltr' id='par_1_1' title="bbox 246 284 825 339">
     <span class='ocr_line' id='line_1_1' title="bbox 246 284 825 339; baseline -0.019 1"><span class='ocrx_word' id='word_1_1' title='bbox 246 284 302 339; x_wconf 86' lang='lat'>144</span> <span class='ocrx_word' id='word_1_2' title='bbox 576 290 825 331; x_wconf 73' lang='lat' dir='ltr'>conunnnrsomr</span> 
     </span>
    </p>
   </div>
   <div class='ocr_carea' id='block_1_2' title="bbox 208 427 1156 3554">
    <p class='ocr_par' dir='ltr' id='par_1_2' title="bbox 208 427 1156 3554">
     <span class='ocr_line' id='line_1_2' title="bbox 243 427 1136 534; baseline 0.001 -24"><span class='ocrx_word' id='word_1_3' title='bbox 243 447 299 512; x_wconf 89' lang='lat' dir='ltr'>illa</span> <span class='ocrx_word' id='word_1_4' title='bbox 320 447 511 513; x_wconf 86' lang='lat' dir='ltr'>feminarum</span> <span class='ocrx_word' id='word_1_5' title='bbox 533 449 680 534; x_wconf 92' lang='lat' dir='ltr'>propria,</span> <span class='ocrx_word' id='word_1_6' title='bbox 711 449 781 533; x_wconf 92' lang='lat' dir='ltr'>quis</span> <span class='ocrx_word' id='word_1_7' title='bbox 810 427 956 534; x_wconf 84' lang='lat' dir='ltr'>lapidum</span> <span class='ocrx_word' id='word_1_8' title='bbox 979 469 1071 514; x_wconf 86' lang='lat' dir='ltr'>causa</span> <span class='ocrx_word' id='word_1_9' title='bbox 1089 468 1136 532; x_wconf 90' lang='lat' dir='ltr'>pc·</span> 
     </span>
     <span class='ocr_line' id='line_1_3' title="bbox 244 552 1138 636; baseline -0.002 -20"><span class='ocrx_word' id='word_1_10' title='bbox 244 553 356 620; x_wconf 89' lang='lat' dir='ltr'>cuniae</span> <span class='ocrx_word' id='word_1_11' title='bbox 388 558 518 618; x_wconf 88' lang='lat' dir='ltr'>nostrae</span> <span class='ocrx_word' id='word_1_12' title='bbox 548 552 589 618; x_wconf 88' lang='lat' dir='ltr'>ad</span> <span class='ocrx_word' id='word_1_13' title='bbox 621 558 772 619; x_wconf 87' lang='lat' dir='ltr'>externas</span> <span class='ocrx_word' id='word_1_14' title='bbox 803 561 860 617; x_wconf 88' lang='lat' dir='ltr'>aut</span> <span class='ocrx_word' id='word_1_15' title='bbox 888 553 1015 620; x_wconf 86' lang='lat' dir='ltr'>hostilis</span> <span class='ocrx_word' id='word_1_16' title='bbox 1040 557 1138 636; x_wconf 83' lang='lat' dir='ltr'>gentes</span> 
     </span>
     <span class='ocr_line' id='line_1_4' title="bbox 208 659 500 725; baseline 0.003 -3"><span class='ocrx_word' id='word_1_17' title='bbox 208 659 500 725; x_wconf 70' lang='lat' dir='ltr'>astransforunturr</span> 
     </span>
     <span class='ocr_line' id='line_1_5' title="bbox 309 761 1138 848; baseline -0.007 -20"><span class='ocrx_word' id='word_1_18' title='bbox 309 766 361 830; x_wconf 83' lang='lat'>54.</span> <span class='ocrx_word' id='word_1_19' title='bbox 387 763 464 828; x_wconf 48' lang='lat' dir='ltr'>¹Neo</span> <span class='ocrx_word' id='word_1_20' title='bbox 487 764 601 848; x_wconf 86' lang='lat' dir='ltr'>ignoro</span> <span class='ocrx_word' id='word_1_21' title='bbox 624 763 658 828; x_wconf 91' lang='lat' dir='ltr'>in</span> <span class='ocrx_word' id='word_1_22' title='bbox 681 763 836 828; x_wconf 78' lang='lat' dir='ltr'>conviviis</span> <span class='ocrx_word' id='word_1_23' title='bbox 859 768 892 828; x_wconf 85' lang='lat' dir='ltr'>et</span> <span class='ocrx_word' id='word_1_24' title='bbox 916 761 1041 828; x_wconf 66' lang='lat' dir='ltr'>cunulis</span> <span class='ocrx_word' id='word_1_25' title='bbox 1062 761 1138 824; x_wconf 88' lang='lat' dir='ltr'>incu-</span> 
     </span>
     <span class='ocr_line' id='line_1_6' title="bbox 245 866 1141 952; baseline -0.007 -20"><span class='ocrx_word' id='word_1_26' title='bbox 245 867 308 932; x_wconf 88' lang='lat' dir='ltr'>sari</span> <span class='ocrx_word' id='word_1_27' title='bbox 329 867 391 931; x_wconf 87' lang='lat' dir='ltr'>ista</span> <span class='ocrx_word' id='word_1_28' title='bbox 412 872 445 931; x_wconf 86' lang='lat' dir='ltr'>et</span> <span class='ocrx_word' id='word_1_29' title='bbox 466 867 599 932; x_wconf 90' lang='lat' dir='ltr'>modum</span> <span class='ocrx_word' id='word_1_30' title='bbox 623 867 729 952; x_wconf 89' lang='lat' dir='ltr'>posci:</span> <span class='ocrx_word' id='word_1_31' title='bbox 760 872 809 931; x_wconf 88' lang='lat' dir='ltr'>set</span> <span class='ocrx_word' id='word_1_32' title='bbox 831 866 930 952; x_wconf 90' lang='lat' dir='ltr'>siquis</span> <span class='ocrx_word' id='word_1_33' title='bbox 952 867 1060 948; x_wconf 91' lang='lat' dir='ltr'>legem</span> <span class='ocrx_word' id='word_1_34' title='bbox 1081 883 1141 927; x_wconf 87' lang='lat' dir='ltr'>san·</span> 
     </span>
     <span class='ocr_line' id='line_1_7' title="bbox 245 967 1143 1057; baseline -0.003 -23"><span class='ocrx_word' id='word_1_35' title='bbox 245 973 324 1054; x_wconf 89' lang='lat' dir='ltr'>ciat,</span> <span class='ocrx_word' id='word_1_36' title='bbox 356 991 478 1057; x_wconf 88' lang='lat' dir='ltr'>poenas</span> <span class='ocrx_word' id='word_1_37' title='bbox 510 969 646 1055; x_wconf 86' lang='lat' dir='ltr'>indicat,</span> <span class='ocrx_word' id='word_1_38' title='bbox 679 972 766 1036; x_wconf 90' lang='lat' dir='ltr'>idem</span> <span class='ocrx_word' id='word_1_39' title='bbox 794 971 841 1036; x_wconf 94' lang='lat' dir='ltr'>illi</span> <span class='ocrx_word' id='word_1_40' title='bbox 872 971 1034 1035; x_wconf 85' lang='lat' dir='ltr'>civitatem</span> <span class='ocrx_word' id='word_1_41' title='bbox 1063 967 1143 1047; x_wconf 82' lang='lat' dir='ltr'>verti,</span> 
     </span>
     <span class='ocr_line' id='line_1_8' title="bbox 245 1074 1144 1162; baseline -0.002 -24"><span class='ocrx_word' id='word_1_42' title='bbox 245 1075 503 1160; x_wconf 89' lang='lat' dir='ltr'>splendidissimo</span> <span class='ocrx_word' id='word_1_43' title='bbox 535 1076 648 1160; x_wconf 87' lang='lat' dir='ltr'>cuique</span> <span class='ocrx_word' id='word_1_44' title='bbox 679 1077 815 1140; x_wconf 86' lang='lat' dir='ltr'>exitium</span> <span class='ocrx_word' id='word_1_45' title='bbox 844 1076 963 1162; x_wconf 87' lang='lat' dir='ltr'>parari,</span> <span class='ocrx_word' id='word_1_46' title='bbox 992 1074 1144 1142; x_wconf 88' lang='lat' dir='ltr'>neminem</span> 
     </span>
     <span class='ocr_line' id='line_1_9' title="bbox 223 1176 1145 1265; baseline -0.003 -24"><span class='ocrx_word' id='word_1_47' title='bbox 223 1179 384 1248; x_wconf 73' lang='lat' dir='ltr'>acriminis</span> <span class='ocrx_word' id='word_1_48' title='bbox 408 1185 576 1264; x_wconf 83' lang='lat' dir='ltr'>expertem</span> <span class='ocrx_word' id='word_1_49' title='bbox 599 1181 817 1245; x_wconf 86' lang='lat' dir='ltr'>clamitabunt.</span> <span class='ocrx_word' id='word_1_50' title='bbox 853 1180 942 1265; x_wconf 87' lang='lat' dir='ltr'>atqui</span> <span class='ocrx_word' id='word_1_51' title='bbox 956 1200 998 1245; x_wconf 89' lang='lat' dir='ltr'>no</span> <span class='ocrx_word' id='word_1_52' title='bbox 1014 1176 1145 1264; x_wconf 88' lang='lat' dir='ltr'>corporis</span> 
     </span>
     <span class='ocr_line' id='line_1_10' title="bbox 245 1281 1146 1368; baseline -0.007 -21"><span class='ocrx_word' id='word_1_53' title='bbox 245 1283 376 1367; x_wconf 86' lang='lat' dir='ltr'>quidem</span> <span class='ocrx_word' id='word_1_54' title='bbox 404 1283 535 1348; x_wconf 84' lang='lat' dir='ltr'><strong>morbos</strong></span> <span class='ocrx_word' id='word_1_55' title='bbox 564 1292 692 1350; x_wconf 82' lang='lat' dir='ltr'>veteres</span> <span class='ocrx_word' id='word_1_56' title='bbox 722 1291 754 1349; x_wconf 85' lang='lat' dir='ltr'>et</span> <span class='ocrx_word' id='word_1_57' title='bbox 785 1283 839 1347; x_wconf 90' lang='lat' dir='ltr'>diu</span> <span class='ocrx_word' id='word_1_58' title='bbox 868 1288 980 1352; x_wconf 88' lang='lat' dir='ltr'>auctos</span> <span class='ocrx_word' id='word_1_59' title='bbox 1009 1281 1072 1347; x_wconf 90' lang='lat' dir='ltr'>nisi</span> <span class='ocrx_word' id='word_1_60' title='bbox 1098 1299 1146 1368; x_wconf 86' lang='lat' dir='ltr'>per</span> 
     </span>
     <span class='ocr_line' id='line_1_11' title="bbox 247 1387 1145 1475; baseline -0.003 -24"><span class='ocrx_word' id='word_1_61' title='bbox 247 1387 326 1452; x_wconf 85' lang='lat' dir='ltr'>dure</span> <span class='ocrx_word' id='word_1_62' title='bbox 349 1393 382 1452; x_wconf 88' lang='lat' dir='ltr'>et</span> <span class='ocrx_word' id='word_1_63' title='bbox 403 1409 518 1472; x_wconf 85' lang='lat' dir='ltr'>aspera</span> <span class='ocrx_word' id='word_1_64' title='bbox 541 1409 710 1454; x_wconf 75' lang='lat' dir='ltr'>coerceas:</span> <span class='ocrx_word' id='word_1_65' title='bbox 735 1394 904 1475; x_wconf 90' lang='lat' dir='ltr'>corruptus</span> <span class='ocrx_word' id='word_1_66' title='bbox 927 1389 1023 1453; x_wconf 90' lang='lat' dir='ltr'>simul</span> <span class='ocrx_word' id='word_1_67' title='bbox 1040 1393 1074 1468; x_wconf 76' lang='lat' dir='ltr'>et</span> <span class='ocrx_word' id='word_1_68' title='bbox 1088 1405 1145 1450; x_wconf 86' lang='lat' dir='ltr'>cor-</span> 
     </span>
     <span class='ocr_line' id='line_1_12' title="bbox 245 1490 1147 1580; baseline -0.007 -24"><span class='ocrx_word' id='word_1_69' title='bbox 245 1498 367 1578; x_wconf 88' lang='lat' dir='ltr'>ruptor,</span> <span class='ocrx_word' id='word_1_70' title='bbox 391 1514 489 1577; x_wconf 82' lang='lat' dir='ltr'>aeger</span> <span class='ocrx_word' id='word_1_71' title='bbox 513 1499 545 1559; x_wconf 85' lang='lat' dir='ltr'>et</span> <span class='ocrx_word' id='word_1_72' title='bbox 567 1496 704 1580; x_wconf 84' lang='lat' dir='ltr'>flagrans</span> <span class='ocrx_word' id='word_1_73' title='bbox 727 1494 851 1558; x_wconf 85' lang='lat' dir='ltr'>animus</span> <span class='ocrx_word' id='word_1_74' title='bbox 872 1492 961 1557; x_wconf 87' lang='lat' dir='ltr'>haud</span> <span class='ocrx_word' id='word_1_75' title='bbox 982 1490 1147 1558; x_wconf 82' lang='lat' dir='ltr'>levioribus</span> 
     </span>
     <span class='ocr_line' id='line_1_13' title="bbox 245 1593 1147 1684; baseline -0.007 -24"><span class='ocrx_word' id='word_1_76' title='bbox 245 1595 396 1662; x_wconf 85' lang='lat' dir='ltr'>remediis</span> <span class='ocrx_word' id='word_1_77' title='bbox 417 1597 667 1682; x_wconf 83' lang='lat' dir='ltr'>restinguendus</span> <span class='ocrx_word' id='word_1_78' title='bbox 689 1620 784 1684; x_wconf 91' lang='lat' dir='ltr'>quam</span> <span class='ocrx_word' id='word_1_79' title='bbox 802 1597 990 1682; x_wconf 76' lang='lat' dir='ltr'>libidinibus</span> <span class='ocrx_word' id='word_1_80' title='bbox 1009 1593 1147 1662; x_wconf 83' lang='lat' dir='ltr'>ardescit.</span> 
     </span>
     <span class='ocr_line' id='line_1_14' title="bbox 211 1699 1149 1789; baseline -0.007 -22"><span class='ocrx_word' id='word_1_81' title='bbox 211 1722 237 1760; x_wconf 86' lang='lat'>10</span> <span class='ocrx_word' id='word_1_82' title='bbox 247 1708 296 1767; x_wconf 81' lang='lat' dir='ltr'>tot</span> <span class='ocrx_word' id='word_1_83' title='bbox 325 1702 540 1767; x_wconf 88' lang='lat' dir='ltr'>amaioribus</span> <span class='ocrx_word' id='word_1_84' title='bbox 569 1711 718 1789; x_wconf 87' lang='lat' dir='ltr'>repertae</span> <span class='ocrx_word' id='word_1_85' title='bbox 742 1704 849 1788; x_wconf 88' lang='lat' dir='ltr'>legas,</span> <span class='ocrx_word' id='word_1_86' title='bbox 881 1708 931 1766; x_wconf 85' lang='lat' dir='ltr'>tot</span> <span class='ocrx_word' id='word_1_87' title='bbox 958 1722 1038 1787; x_wconf 88' lang='lat' dir='ltr'>quas</span> <span class='ocrx_word' id='word_1_88' title='bbox 1069 1699 1149 1763; x_wconf 85' lang='lat' dir='ltr'>divus</span> 
     </span>
     <span class='ocr_line' id='line_1_15' title="bbox 247 1800 1148 1892; baseline -0.003 -22"><span class='ocrx_word' id='word_1_89' title='bbox 247 1806 413 1890; x_wconf 85' lang='lat' dir='ltr'>Augustus</span> <span class='ocrx_word' id='word_1_90' title='bbox 436 1807 525 1888; x_wconf 89' lang='lat' dir='ltr'>tulit,</span> <span class='ocrx_word' id='word_1_91' title='bbox 548 1807 623 1871; x_wconf 89' lang='lat' dir='ltr'>illae</span> <span class='ocrx_word' id='word_1_92' title='bbox 647 1807 825 1892; x_wconf 85' lang='lat' dir='ltr'>oblivione,</span> <span class='ocrx_word' id='word_1_93' title='bbox 848 1807 929 1889; x_wconf 86' lang='lat' dir='ltr'>hae,</span> <span class='ocrx_word' id='word_1_94' title='bbox 958 1805 1049 1889; x_wconf 93' lang='lat' dir='ltr'>quod</span> <span class='ocrx_word' id='word_1_95' title='bbox 1071 1800 1148 1885; x_wconf 85' lang='lat' dir='ltr'>flagi·</span> 
     </span>
     <span class='ocr_line' id='line_1_16' title="bbox 247 1896 1150 1996; baseline -0.002 -24"><span class='ocrx_word' id='word_1_96' title='bbox 247 1910 370 1992; x_wconf 89' lang='lat' dir='ltr'>tiosius,</span> <span class='ocrx_word' id='word_1_97' title='bbox 395 1914 582 1996; x_wconf 89' lang='lat' dir='ltr'>contemptu</span> <span class='ocrx_word' id='word_1_98' title='bbox 605 1911 745 1975; x_wconf 89' lang='lat' dir='ltr'>abolitae</span> <span class='ocrx_word' id='word_1_99' title='bbox 769 1910 964 1976; x_wconf 85' lang='lat' dir='ltr'>securiorem</span> <span class='ocrx_word' id='word_1_100' title='bbox 979 1896 1095 1974; x_wconf 63' lang='lat' dir='ltr'>lunum</span> <span class='ocrx_word' id='word_1_101' title='bbox 1111 1906 1150 1970; x_wconf 81' lang='lat' dir='ltr'>f-</span> 
     </span>
     <span class='ocr_line' id='line_1_17' title="bbox 248 2012 1149 2098; baseline -0.01 -19"><span class='ocrx_word' id='word_1_102' title='bbox 248 2035 332 2079; x_wconf 89' lang='lat' dir='ltr'>oere.</span> <span class='ocrx_word' id='word_1_103' title='bbox 368 2036 444 2079; x_wconf 87' lang='lat' dir='ltr'>nam</span> <span class='ocrx_word' id='word_1_104' title='bbox 463 2015 489 2080; x_wconf 92' lang='lat' dir='ltr'>si</span> <span class='ocrx_word' id='word_1_105' title='bbox 507 2015 587 2080; x_wconf 88' lang='lat' dir='ltr'>velis</span> <span class='ocrx_word' id='word_1_106' title='bbox 605 2014 692 2098; x_wconf 91' lang='lat' dir='ltr'>quod</span> <span class='ocrx_word' id='word_1_107' title='bbox 708 2013 852 2078; x_wconf 91' lang='lat' dir='ltr'>nondum</span> <span class='ocrx_word' id='word_1_108' title='bbox 873 2013 1020 2094; x_wconf 82' lang='lat' dir='ltr'>vetitum,</span> <span class='ocrx_word' id='word_1_109' title='bbox 1044 2012 1149 2076; x_wconf 86' lang='lat' dir='ltr'>timeas</span> 
     </span>
     <span class='ocr_line' id='line_1_18' title="bbox 248 2113 1151 2204; baseline -0.004 -21"><span class='ocrx_word' id='word_1_110' title='bbox 248 2139 289 2183; x_wconf 94' lang='lat' dir='ltr'>ne</span> <span class='ocrx_word' id='word_1_111' title='bbox 311 2125 437 2185; x_wconf 85' lang='lat' dir='ltr'>vetere:</span> <span class='ocrx_word' id='word_1_112' title='bbox 469 2125 501 2183; x_wconf 87' lang='lat' dir='ltr'>at</span> <span class='ocrx_word' id='word_1_113' title='bbox 524 2120 550 2183; x_wconf 95' lang='lat' dir='ltr'>si</span> <span class='ocrx_word' id='word_1_114' title='bbox 574 2119 736 2204; x_wconf 83' lang='lat' dir='ltr'>prohibita</span> <span class='ocrx_word' id='word_1_115' title='bbox 758 2121 890 2204; x_wconf 89' lang='lat' dir='ltr'>impune</span> <span class='ocrx_word' id='word_1_116' title='bbox 914 2113 1151 2192; x_wconf 81' lang='lat' dir='ltr'>transcenderis,</span> 
     </span>
     <span class='ocr_line' id='line_1_19' title="bbox 214 2217 1150 2307; baseline -0.006 -20"><span class='ocrx_word' id='word_1_117' title='bbox 214 2243 353 2307; x_wconf 75' lang='lat' dir='ltr'>unoque</span> <span class='ocrx_word' id='word_1_118' title='bbox 375 2232 479 2289; x_wconf 88' lang='lat' dir='ltr'>metus</span> <span class='ocrx_word' id='word_1_119' title='bbox 502 2223 587 2288; x_wconf 87' lang='lat' dir='ltr'>ultra</span> <span class='ocrx_word' id='word_1_120' title='bbox 608 2243 714 2307; x_wconf 87' lang='lat' dir='ltr'>neque</span> <span class='ocrx_word' id='word_1_121' title='bbox 738 2221 853 2307; x_wconf 90' lang='lat' dir='ltr'>pudor.</span> <span class='ocrx_word' id='word_1_122' title='bbox 900 2242 957 2286; x_wconf 89' lang='lat' dir='ltr'>our</span> <span class='ocrx_word' id='word_1_123' title='bbox 980 2241 1061 2305; x_wconf 86' lang='lat' dir='ltr'>ergo</span> <span class='ocrx_word' id='word_1_124' title='bbox 1085 2217 1150 2282; x_wconf 89' lang='lat' dir='ltr'>olim</span> 
     </span>
     <span class='ocr_line' id='line_1_20' title="bbox 249 2322 1151 2411; baseline -0.003 -22"><span class='ocrx_word' id='word_1_125' title='bbox 249 2326 443 2410; x_wconf 81' lang='lat' dir='ltr'>parsimonia</span> <span class='ocrx_word' id='word_1_126' title='bbox 466 2327 632 2411; x_wconf 74' lang='lat' dir='ltr'>pollebat?</span> <span class='ocrx_word' id='word_1_127' title='bbox 675 2325 749 2410; x_wconf 86' lang='lat' dir='ltr'>quia</span> <span class='ocrx_word' id='word_1_128' title='bbox 771 2325 832 2388; x_wconf 88' lang='lat' dir='ltr'>sibi</span> <span class='ocrx_word' id='word_1_129' title='bbox 855 2324 989 2410; x_wconf 89' lang='lat' dir='ltr'>quisquo</span> <span class='ocrx_word' id='word_1_130' title='bbox 1011 2322 1151 2387; x_wconf 84' lang='lat' dir='ltr'>modera-</span> 
     </span>
     <span class='ocr_line' id='line_1_21' title="bbox 248 2428 1151 2514; baseline -0.006 -18"><span class='ocrx_word' id='word_1_131' title='bbox 248 2432 358 2514; x_wconf 87' lang='lat' dir='ltr'>batur,</span> <span class='ocrx_word' id='word_1_132' title='bbox 382 2431 458 2514; x_wconf 87' lang='lat' dir='ltr'>quia</span> <span class='ocrx_word' id='word_1_133' title='bbox 479 2431 572 2496; x_wconf 88' lang='lat' dir='ltr'>unius</span> <span class='ocrx_word' id='word_1_134' title='bbox 595 2431 683 2495; x_wconf 90' lang='lat' dir='ltr'>urbis</span> <span class='ocrx_word' id='word_1_135' title='bbox 706 2430 792 2514; x_wconf 84' lang='lat' dir='ltr'>cives</span> <span class='ocrx_word' id='word_1_136' title='bbox 815 2450 959 2512; x_wconf 83' lang='lat' dir='ltr'>eramus3</span> <span class='ocrx_word' id='word_1_137' title='bbox 987 2449 1029 2492; x_wconf 90' lang='lat' dir='ltr'>ne</span> <span class='ocrx_word' id='word_1_138' title='bbox 1052 2428 1151 2492; x_wconf 88' lang='lat' dir='ltr'>inrita·</span> 
     </span>
     <span class='ocr_line' id='line_1_22' title="bbox 249 2531 1152 2620; baseline -0.01 -22"><span class='ocrx_word' id='word_1_139' title='bbox 249 2540 358 2599; x_wconf 87' lang='lat' dir='ltr'>menta</span> <span class='ocrx_word' id='word_1_140' title='bbox 380 2534 510 2620; x_wconf 89' lang='lat' dir='ltr'>quidem</span> <span class='ocrx_word' id='word_1_141' title='bbox 533 2535 649 2600; x_wconf 89' lang='lat' dir='ltr'>eadem</span> <span class='ocrx_word' id='word_1_142' title='bbox 669 2535 753 2598; x_wconf 89' lang='lat' dir='ltr'>intra</span> <span class='ocrx_word' id='word_1_143' title='bbox 768 2533 895 2597; x_wconf 83' lang='lat' dir='ltr'>Italiam</span> <span class='ocrx_word' id='word_1_144' title='bbox 911 2531 1152 2597; x_wconf 85' lang='lat' dir='ltr'>dominantibus.</span> 
     </span>
     <span class='ocr_line' id='line_1_23' title="bbox 250 2636 1152 2720; baseline -0.007 -17"><span class='ocrx_word' id='word_1_145' title='bbox 250 2639 392 2704; x_wconf 84' lang='lat' dir='ltr'>externis</span> <span class='ocrx_word' id='word_1_146' title='bbox 422 2639 564 2704; x_wconf 86' lang='lat' dir='ltr'>victoriis</span> <span class='ocrx_word' id='word_1_147' title='bbox 594 2639 714 2720; x_wconf 88' lang='lat' dir='ltr'>aliena,</span> <span class='ocrx_word' id='word_1_148' title='bbox 747 2637 892 2702; x_wconf 88' lang='lat' dir='ltr'>civilibus</span> <span class='ocrx_word' id='word_1_149' title='bbox 924 2636 1023 2701; x_wconf 85' lang='lat' dir='ltr'>etiam</span> <span class='ocrx_word' id='word_1_150' title='bbox 1052 2639 1152 2700; x_wconf 87' lang='lat' dir='ltr'>nostra</span> 
     </span>
     <span class='ocr_line' id='line_1_24' title="bbox 214 2740 1151 2829; baseline -0.009 -21"><span class='ocrx_word' id='word_1_151' title='bbox 214 2761 240 2800; x_wconf 59' lang='grc' dir='ltr'>πο</span> <span class='ocrx_word' id='word_1_152' title='bbox 251 2763 438 2809; x_wconf 88' lang='lat' dir='ltr'>consumere</span> <span class='ocrx_word' id='word_1_153' title='bbox 470 2743 649 2808; x_wconf 87' lang='lat' dir='ltr'>didicimus.</span> <span class='ocrx_word' id='word_1_154' title='bbox 695 2742 885 2829; x_wconf 88' lang='lat' dir='ltr'>quantulum</span> <span class='ocrx_word' id='word_1_155' title='bbox 914 2740 1002 2806; x_wconf 91' lang='lat' dir='ltr'>istud</span> <span class='ocrx_word' id='word_1_156' title='bbox 1033 2740 1075 2805; x_wconf 87' lang='lat' dir='ltr'>de</span> <span class='ocrx_word' id='word_1_157' title='bbox 1098 2757 1151 2824; x_wconf 91' lang='lat' dir='ltr'>qno</span> 
     </span>
     <span class='ocr_line' id='line_1_25' title="bbox 251 2840 1153 2933; baseline -0.007 -23"><span class='ocrx_word' id='word_1_158' title='bbox 251 2846 373 2912; x_wconf 85' lang='lat' dir='ltr'>aediles</span> <span class='ocrx_word' id='word_1_159' title='bbox 393 2846 584 2912; x_wconf 82' lang='lat' dir='ltr'>admonent!</span> <span class='ocrx_word' id='word_1_160' title='bbox 631 2867 736 2933; x_wconf 88' lang='lat' dir='ltr'>quam,</span> <span class='ocrx_word' id='word_1_161' title='bbox 760 2847 786 2911; x_wconf 94' lang='lat' dir='ltr'>si</span> <span class='ocrx_word' id='word_1_162' title='bbox 809 2850 918 2911; x_wconf 86' lang='lat' dir='ltr'>cetera</span> <span class='ocrx_word' id='word_1_163' title='bbox 940 2843 1102 2930; x_wconf 82' lang='lat' dir='ltr'>respicias,</span> <span class='ocrx_word' id='word_1_164' title='bbox 1126 2840 1153 2904; x_wconf 88' lang='lat' dir='ltr'>in</span> 
     </span>
     <span class='ocr_line' id='line_1_26' title="bbox 249 2942 1153 3032; baseline -0.008 -18"><span class='ocrx_word' id='word_1_165' title='bbox 249 2948 314 3015; x_wconf 88' lang='lat' dir='ltr'>levi</span> <span class='ocrx_word' id='word_1_166' title='bbox 342 2951 541 3018; x_wconf 85' lang='lat' dir='ltr'>habendum!</span> <span class='ocrx_word' id='word_1_167' title='bbox 579 2957 613 3015; x_wconf 88' lang='lat' dir='ltr'>at</span> <span class='ocrx_word' id='word_1_168' title='bbox 640 2951 770 3016; x_wconf 91' lang='lat' dir='ltr'>hercule</span> <span class='ocrx_word' id='word_1_169' title='bbox 803 2970 898 3017; x_wconf 89' lang='lat' dir='ltr'>nemo</span> <span class='ocrx_word' id='word_1_170' title='bbox 928 2949 1043 3031; x_wconf 86' lang='lat' dir='ltr'>refert,</span> <span class='ocrx_word' id='word_1_171' title='bbox 1075 2942 1153 3032; x_wconf 89' lang='lat' dir='ltr'>qnod</span> 
     </span>
     <span class='ocr_line' id='line_1_27' title="bbox 250 3045 1155 3141; baseline -0.007 -23"><span class='ocrx_word' id='word_1_172' title='bbox 250 3055 345 3118; x_wconf 86' lang='lat' dir='ltr'>Italia</span> <span class='ocrx_word' id='word_1_173' title='bbox 376 3061 529 3121; x_wconf 84' lang='lat' dir='ltr'>externae</span> <span class='ocrx_word' id='word_1_174' title='bbox 560 3057 630 3141; x_wconf 93' lang='lat' dir='ltr'>opis</span> <span class='ocrx_word' id='word_1_175' title='bbox 662 3055 805 3139; x_wconf 89' lang='lat' dir='ltr'>indiget,</span> <span class='ocrx_word' id='word_1_176' title='bbox 838 3052 925 3139; x_wconf 92' lang='lat' dir='ltr'>quod</span> <span class='ocrx_word' id='word_1_177' title='bbox 954 3053 1021 3119; x_wconf 83' lang='lat' dir='ltr'>vite</span> <span class='ocrx_word' id='word_1_178' title='bbox 1049 3045 1155 3136; x_wconf 92' lang='lat' dir='ltr'>populi</span> 
     </span>
     <span class='ocr_line' id='line_1_28' title="bbox 250 3153 1155 3244; baseline -0.008 -22"><span class='ocrx_word' id='word_1_179' title='bbox 250 3159 389 3224; x_wconf 84' lang='lat' dir='ltr'>Romani</span> <span class='ocrx_word' id='word_1_180' title='bbox 411 3177 470 3244; x_wconf 85' lang='lat' dir='ltr'>per</span> <span class='ocrx_word' id='word_1_181' title='bbox 490 3161 613 3224; x_wconf 85' lang='lat' dir='ltr'>incerta</span> <span class='ocrx_word' id='word_1_182' title='bbox 628 3159 725 3224; x_wconf 85' lang='lat' dir='ltr'>maris</span> <span class='ocrx_word' id='word_1_183' title='bbox 747 3165 780 3223; x_wconf 88' lang='lat' dir='ltr'>et</span> <span class='ocrx_word' id='word_1_184' title='bbox 795 3162 1024 3243; x_wconf 84' lang='lat' dir='ltr'>tempestatum</span> <span class='ocrx_word' id='word_1_185' title='bbox 1038 3153 1155 3220; x_wconf 82' lang='lat' dir='ltr'>&#39;cotidie</span> 
     </span>
     <span class='ocr_line' id='line_1_29' title="bbox 216 3256 1156 3348; baseline -0.012 -18"><span class='ocrx_word' id='word_1_186' title='bbox 216 3263 400 3330; x_wconf 79' lang='lat' dir='ltr'>ssvolvitur.</span> <span class='ocrx_word' id='word_1_187' title='bbox 438 3283 476 3328; x_wconf 88' lang='lat' dir='ltr'>ac</span> <span class='ocrx_word' id='word_1_188' title='bbox 497 3263 560 3328; x_wconf 90' lang='lat' dir='ltr'>nisi</span> <span class='ocrx_word' id='word_1_189' title='bbox 580 3263 817 3348; x_wconf 86' lang='lat' dir='ltr'>provinciarum</span> <span class='ocrx_word' id='word_1_190' title='bbox 839 3261 953 3346; x_wconf 87' lang='lat' dir='ltr'>copiae</span> <span class='ocrx_word' id='word_1_191' title='bbox 975 3267 1009 3326; x_wconf 89' lang='lat' dir='ltr'>et</span> <span class='ocrx_word' id='word_1_192' title='bbox 1025 3256 1156 3324; x_wconf 89' lang='lat' dir='ltr'>dominis</span> 
     </span>
     <span class='ocr_line' id='line_1_30' title="bbox 253 3359 1154 3450; baseline -0.006 -21"><span class='ocrx_word' id='word_1_193' title='bbox 253 3372 286 3430; x_wconf 89' lang='lat' dir='ltr'>et</span> <span class='ocrx_word' id='word_1_194' title='bbox 307 3366 446 3436; x_wconf 83' lang='lat' dir='ltr'>servitiis</span> <span class='ocrx_word' id='word_1_195' title='bbox 469 3373 503 3431; x_wconf 89' lang='lat' dir='ltr'>et</span> <span class='ocrx_word' id='word_1_196' title='bbox 524 3367 610 3450; x_wconf 89' lang='lat' dir='ltr'>agris</span> <span class='ocrx_word' id='word_1_197' title='bbox 633 3366 850 3449; x_wconf 87' lang='lat' dir='ltr'>subvenerint,</span> <span class='ocrx_word' id='word_1_198' title='bbox 873 3372 985 3430; x_wconf 86' lang='lat' dir='ltr'>nostra</span> <span class='ocrx_word' id='word_1_199' title='bbox 1002 3384 1060 3428; x_wconf 91' lang='lat' dir='ltr'>nos</span> <span class='ocrx_word' id='word_1_200' title='bbox 1077 3359 1154 3428; x_wconf 87' lang='lat' dir='ltr'>scili·</span> 
     </span>
     <span class='ocr_line' id='line_1_31' title="bbox 254 3467 1156 3554; baseline -0.003 -23"><span class='ocrx_word' id='word_1_201' title='bbox 254 3478 305 3533; x_wconf 88' lang='lat' dir='ltr'>oet</span> <span class='ocrx_word' id='word_1_202' title='bbox 332 3489 466 3534; x_wconf 86' lang='lat' dir='ltr'>nemora</span> <span class='ocrx_word' id='word_1_203' title='bbox 494 3477 687 3554; x_wconf 88' lang='lat' dir='ltr'>nostraeque</span> <span class='ocrx_word' id='word_1_204' title='bbox 716 3470 813 3535; x_wconf 87' lang='lat' dir='ltr'>villae</span> <span class='ocrx_word' id='word_1_205' title='bbox 841 3468 1025 3534; x_wconf 85' lang='lat' dir='ltr'>tuebuntur.</span> <span class='ocrx_word' id='word_1_206' title='bbox 1068 3467 1156 3542; x_wconf 82' lang='lat' dir='ltr'>hanc,</span> 
     </span>
    </p>
   </div>
   <div class='ocr_carea' id='block_1_3' title="bbox 0 0 1242 4004">
    <p class='ocr_par' dir='ltr' id='par_1_3' title="bbox 0 0 1242 4004">
     <span class='ocr_line' id='line_1_32' title="bbox 0 0 1242 4004; baseline 0 0"><span class='ocrx_word' id='word_1_207' title='bbox 0 0 1242 4004; x_wconf 95' lang='lat' dir='ltr'> </span> 
     </span>
    </p>
   </div>
  </div>
 </body>
</html>
