2498 4010
200 257 237 314 56
529 262 668 302 CORNELII
682 263 779 302 raom

200 442 271 484 rum
287 427 415 485 senator
438 422 594 505 introiret,
617 444 658 486 ne
675 422 878 505 egredientes
900 422 933 486 in
949 423 1113 508 publicum

201 525 325 609 equites
341 523 482 589 Romani
498 527 674 610 cingerent,
697 531 733 588 ut
754 525 831 590 alibi
846 547 942 610 quam
965 527 998 589 in
1021 528 1112 591 thea-

199 633 248 692 tro
265 630 479 713 spectantium
501 629 739 694 immodestiam
756 630 854 694 exilio
879 630 1037 694 multandi
1053 653 1112 715 po·

199 738 299 797 testas
322 733 524 818 praetoribus
546 735 649 798 fieret.

266 839 316 900 78.
340 838 511 923 Templum
528 840 610 903 utin
627 839 754 903 colonia
763 839 995 904 Tarraconensi
1010 847 1113 904 strue-

199 950 288 1006 retur
304 941 452 1028 Augusto
470 944 655 1027 petentibus
676 942 832 1027 Hispanis
846 945 1039 1028 permissum
1055 943 1112 1006 da-

200 1052 332 1130 tumque
353 1047 386 1109 in
410 1067 522 1111 omnes
545 1046 726 1130 provincias
745 1047 940 1130 exemplum.
975 1047 1113 1112 centesi-

201 1173 286 1215 mam
308 1173 416 1215 rerum
430 1152 591 1215 venalium
610 1156 684 1236 post
699 1151 785 1216 bella
804 1151 911 1214 civilia
933 1151 1113 1214 institutam

177 1253 395 1339 sdeprecante
419 1256 539 1340 populo
564 1255 666 1320 edixit
688 1255 835 1319 Tiberius
861 1255 999 1319 militare
1023 1275 1114 1318 aera·

200 1359 284 1423 rium
307 1381 346 1424 eo
370 1360 512 1425 subsidio
536 1361 610 1441 niti;
636 1360 730 1424 simul
752 1361 909 1444 imparem
931 1361 1021 1425 oneri
1043 1381 1114 1425 rem

201 1464 377 1549 publicam,
408 1465 468 1528 nisi
491 1465 666 1530 vicensimo
696 1465 830 1530 militiae
861 1487 944 1530 anno
968 1467 1115 1530 veterani

203 1567 449 1634 dimitterentur.
494 1570 539 1632 ita
561 1569 728 1655 proximae
745 1569 912 1634 seditionis
934 1570 1020 1633 male
1037 1591 1113 1634 con-

201 1659 293 1754 sulta,
316 1673 430 1756 quibus
452 1672 595 1737 sedecim
617 1671 850 1758 stipendiorum
864 1673 961 1738 finem
978 1695 1114 1759 expres-

166 1790 192 1831 10
201 1783 318 1858 serant,
342 1776 462 1840 abolita
483 1778 516 1841 in
538 1782 714 1861 posterum.

270 1882 319 1944 79.
353 1880 473 1945 Actum
497 1881 614 1946 deinde
642 1883 675 1946 in
704 1887 817 1946 senatu
839 1882 879 1945 ab
902 1880 1057 1946 Arruntio
1083 1889 1116 1947 et

202 1986 317 2066 Ateio,
341 2007 382 2048 an
413 1986 453 2050 ob
484 1984 699 2050 moderandas
721 1985 847 2049 Tiberis
877 1985 1115 2051 exundationes

202 2096 406 2156 verterentur
426 2091 558 2154 flumina
581 2097 613 2156 et
636 2091 738 2173 lacus,
771 2111 829 2174 per
852 2111 932 2174 quos
952 2093 1114 2173 augescit3
1159 2155 1163 2164 ,

201 2195 395 2279 auditaeque
424 2196 672 2281 municipiorum
695 2202 728 2259 et
750 2195 949 2258 coloniarum
974 2196 1114 2279 legatio·

180 2321 271 2382 sues,
296 2301 459 2365 orantibus
480 2301 686 2383 Florentinis,
708 2321 749 2364 ne
767 2299 876 2364 Clanis
900 2299 994 2363 solito
1019 2301 1114 2365 alveo

204 2404 353 2469 demotus
392 2405 426 2469 in
460 2404 586 2469 Arnum
630 2404 857 2470 transferretur
894 2401 992 2486 idque
1034 2404 1114 2489 ipsis

203 2509 380 2594 perniciem
407 2508 557 2574 adferret.
603 2509 813 2592 congruentia
843 2510 892 2573 his
912 2509 1113 2574 Interamna·

202 2621 251 2678 tes
278 2612 473 2677 disseruere:
498 2631 628 2698 pessum
651 2611 752 2674 ituros
778 2609 1026 2675 fecundissimos
1048 2612 1114 2676 Ita-

202 2718 264 2782 liae
294 2739 440 2802 campos,
470 2719 496 2780 si
525 2717 628 2780 amnis
650 2715 718 2780 Nar
741 2714 789 2796 (id
812 2715 898 2780 enim
926 2717 1114 2799 parabatur)

169 2842 194 2882 ro
203 2823 236 2886 in
258 2823 344 2887 rivos
368 2821 517 2886 diductus
540 2822 859 2907 superstagnavisset.
904 2841 964 2886 nec
984 2821 1115 2888 Reatini

203 2927 349 3009 silebant,
365 2925 517 2991 Velinum
534 2927 650 3009 lacum,
667 2947 729 3010 qua
744 2927 776 2989 in
792 2924 912 2988 Narem
928 2925 1114 3009 effunditur,

204 3030 325 3095 obstrui
348 3035 550 3111 recusantes,
581 3028 699 3114 quippe
722 3028 756 3091 in
778 3027 959 3092 adiacentia
981 3034 1113 3114 eruptu-

202 3157 289 3218 rum;
315 3142 445 3220 optume
469 3135 565 3199 rebus
592 3133 777 3197 mortalium
800 3132 999 3196 consuluisse
1022 3141 1113 3198 natu·

202 3262 280 3317 ram,
304 3260 386 3323 quae
410 3260 467 3303 sua
492 3260 547 3302 ora
568 3238 761 3318 fluminibus,
784 3258 860 3302 suos
882 3259 992 3302 cursus
1014 3245 1112 3324 utque

169 3365 195 3405 15
205 3344 363 3426 originem
385 3343 431 3405 ita
450 3344 529 3407 fines
552 3342 692 3424 dederit,
717 3342 908 3429 spectandas
923 3345 1021 3408 etiarn
1040 3345 1112 3408 reli·

205 3447 319 3530 giones
338 3447 536 3528 colonorum,
559 3447 614 3530 qui
636 3467 726 3510 sacra
748 3453 781 3511 et
803 3447 892 3511 lucos
909 3452 942 3511 et
964 3469 1036 3512 aras
1059 3469 1113 3533 pa·
