2482 4014
292 301 330 341 AB
344 300 469 341 Excussis
482 298 688 340 muraneum
701 298 732 338 IV
745 298 830 338 40-43.
959 291 1015 349 189

104 457 323 540 solitudinem,
347 455 417 541 quis
440 455 553 518 abesse
576 452 685 518 taedia
707 457 740 517 ct
763 451 958 518 offensiones
976 473 1014 518 ac

101 561 280 649 praecipua
301 579 410 624 rerum
430 557 572 622 maxime
596 557 720 643 agitari.

169 665 222 727 42.
254 662 304 727 Ac
325 662 410 727 forte
432 661 541 726 habita
563 682 622 746 per
643 661 717 724 illos
732 660 801 725 dies
818 659 859 726 de
874 661 1015 727 Votieno

102 769 270 853 Montana,
282 768 418 833 celebris
430 766 552 851 ingenii
562 767 644 848 viro,
660 765 800 849 cognitio
813 770 1017 830 cunctantem

99 875 169 938 'iam
191 873 356 938 Tiberium
385 872 526 958 perpulit
555 877 591 935 ut
612 869 760 936 vitandos
790 871 938 935 crederet
959 893 1016 957 pa·

102 986 191 1043 trum
213 983 324 1042 coetus
346 997 519 1062 vocesque,
542 996 624 1060 quae
647 976 839 1061 plerumque
863 996 961 1040 uerae
985 982 1018 1040 et

103 1103 222 1167 graves
252 1102 359 1145 coram
381 1080 621 1166 ingerebantur.
665 1102 740 1145 nam
762 1081 926 1166 postulato
949 1079 1040 1144 V0-s

102 1187 196 1252 tieno
221 1187 263 1250 ob
287 1185 498 1251 contumelias
522 1186 556 1248 in
580 1184 752 1249 Caesarem
776 1184 895 1268 dictas,
926 1186 1018 1250 testis

103 1289 266 1356 Aemilius
290 1311 308 1354 e
326 1290 517 1355 militaribus
539 1289 616 1353 viris
637 1288 714 1353 dum
732 1288 839 1353 studio
857 1289 1017 1373 probandi

105 1400 222 1459 cuncta
231 1393 330 1458 refert
338 1393 661 1478 etquamquaminter
669 1393 893 1478 obstrepentes
902 1413 1021 1478 magna

104 1497 352 1563 adseveratione
368 1497 489 1580 nititur,
505 1496 628 1561 audivit
641 1496 790 1561 Tiberius
805 1498 933 1582 probra,
950 1497 1020 1582 quis

105 1621 168 1688 per
191 1601 351 1665 occultum
373 1599 585 1684 lacerabatur,
608 1598 756 1684 adeoque
773 1601 941 1683 perculsus
961 1607 1056 1684 est,1o

104 1711 143 1771 ut
172 1725 208 1768 se
237 1706 290 1769 vel
314 1704 424 1768 statim
451 1703 506 1768 vel
533 1703 567 1768 in
597 1703 782 1788 cognitione
812 1708 1023 1788 purgaturum

106 1807 288 1872 clamitaret
320 1807 533 1892 precibusque
564 1807 804 1892 proximorum,
835 1807 1021 1873 adulatione

107 1913 253 1976 omnium
275 1930 373 1996 aegra
396 1917 607 1996 componeret
629 1911 782 1975 animum.
814 1916 847 1976 et
861 1910 1022 1978 Votienus

106 2016 240 2102 quidem
270 2015 446 2080 maiestatis
476 2015 591 2100 poenis
619 2014 783 2080 adfectus:
818 2015 938 2080 Caesar
965 2018 1021 2082 ob·

105 2121 227 2185 iactam
256 2119 317 2184 sibi
345 2118 499 2184 adversus
527 2139 601 2183 reos
622 2119 863 2184 inclementiam
887 2141 925 2184 eo
949 2143 1058 2206 per-rs

106 2225 248 2290 vicacius
264 2223 434 2308 amplexus
448 2221 615 2308 Aquiliam
629 2223 779 2289 adulterii
796 2224 935 2289 delatam
950 2247 1023 2291 cunr

107 2329 209 2394 Vario
243 2328 382 2412 Ligure,
418 2348 611 2412 quamquam
643 2327 801 2392 Lentulus
836 2327 1022 2394 Gaetulicus

109 2433 224 2498 consul
256 2432 443 2516 designatus
471 2432 546 2516 lege
574 2431 659 2496 Iulia
692 2418 894 2516 damnasset,
923 2434 1022 2498 exilio

109 2537 236 2623 punivit
257 2536 477 2622 Apidiumque
499 2535 675 2618 Merulam,
697 2535 785 2620 quod
806 2537 840 2600 in
863 2535 935 2602 a'cta
959 2537 1024 2604 divi

108 2641 252 2726 Augusti
274 2662 342 2706 non
362 2642 535 2722 iuraverat,
558 2641 632 2705 albo
656 2641 819 2705 senatorio
844 2643 949 2706 erasit.
1033 2671 1059 2710 ro

175 2746 229 2808 43.
250 2743 395 2810 Auditae
412 2735 529 2810 dehinc
539 2744 874 2810 Lacedaemoniorum
889 2753 923 2812 et
936 2748 1024 2812 Mes-

110 2849 275 2914 seniorum
297 2849 479 2931 legationes
503 2848 543 2913 de
565 2849 636 2914 iure
659 2850 770 2934 templi
788 2851 914 2917 Dianae
936 2851 1024 2916 Lim-

110 2954 246 3037 natidis,
276 2953 363 3037 quod
392 2954 457 3029 suis
487 2953 703 3018 amatoribus
732 2976 854 3040 suaque
879 2957 1023 3024 interra

112 3059 255 3124 dicatum
283 3056 536 3122 Lacedaemonii
563 3056 733 3122 firmabant
763 3059 923 3125 annalium
956 3081 1024 3124 me-

111 3162 216 3227 moria
237 3167 411 3246 vatumque
435 3162 643 3246 carminibus,
671 3162 730 3227 scd
746 3162 934 3228 Macedonis
949 3164 1046 3228 Phi-s

111 3268 194 3354 lippi
225 3267 320 3332 armis
350 3267 537 3354 ademptum
568 3289 605 3333 ac
634 3273 708 3354 post
747 3267 783 3332 O.
815 3268 961 3332 Caesaris
992 3276 1024 3335 et

112 3374 157 3440 M.
179 3373 316 3439 Antonii
338 3375 498 3439 sententia
519 3374 692 3440 redditum.
737 3378 849 3437 contra
870 3374 1026 3438 Messenii

112 3485 259 3544 veterem
280 3478 365 3544 inter
379 3479 531 3544 Herculis
553 3484 702 3564 posteros
719 3477 910 3543 divisionem
925 3479 1023 3543 Pelo-

794 3577 867 3634 ssas
