2482 4014
200 277 257 334 252
532 282 670 322 conuenrr
683 283 780 324 rscrrr

201 440 318 504 Miseni
342 439 489 504 consedit
517 442 551 504 in
574 439 664 522 villa,
695 441 745 504 cui
767 441 804 505 L.
826 440 979 505 Lucullus
1008 463 1111 526 quon-

202 546 276 608 dam
301 544 459 609 dominus.
497 546 563 620 illic
587 565 661 608 eum
679 544 937 631 adpropinquare
954 546 1112 632 supremis

201 651 259 712 tali
281 648 379 714 modo
402 656 613 735 compertum.
646 656 716 714 erat
728 650 878 714 'medicus
893 658 961 716 arte
977 653 1112 737 insignis

201 754 332 818 nomine
350 752 523 837 Charicles,
545 775 613 817 non
628 754 760 838 quidem
774 776 890 839 regere
906 756 1112 821 valetudines
1197 792 1200 843 3

168 876 192 914 1⁰
202 860 354 944 principis
378 860 501 940 solitus,
525 860 651 924 consilii
672 866 782 924 tamen
801 861 928 944 copiam
944 863 1112 945 praebere.
1198 913 1200 920 .

202 965 228 1027 is
257 965 347 1028 velut
378 964 508 1048 propria
541 964 582 1027 ad
613 965 745 1048 negotia
775 965 961 1048 digrediens
992 974 1024 1030 et
1052 987 1113 1050 per

204 1067 345 1151 speciem
379 1067 475 1130 officii
506 1088 635 1130 manum
670 1069 860 1153 complexus
893 1070 1023 1153 pulsum
1057 1092 1113 1134 vc-

202 1191 316 1234 narum
339 1170 453 1254 attigit.
498 1192 602 1255 neque
625 1172 757 1236 fefellit:
781 1194 855 1237 nam
878 1173 1036 1257 Tiberius,
1062 1176 1112 1239 in-

205 1284 326 1340 certum
346 1296 387 1338 an
404 1275 544 1340 offensus
566 1281 721 1359 tantoque
738 1278 841 1361 magis
856 1279 937 1342 iram
951 1300 1113 1363 premens,

170 1380 373 1444 1⁵instaurari
389 1379 500 1462 epulas
516 1379 606 1443 iubet
622 1380 855 1465 discumbitque
872 1384 957 1446 ultra
973 1363 1114 1462 solitum,

206 1485 294 1569 quasi
317 1483 433 1548 honori
457 1485 603 1549 abeuntis
627 1485 721 1549 amici
744 1485 909 1550 tribueret.
949 1486 1115 1552 Charicles

205 1600 313 1655 tamen
335 1591 400 1654 labi
416 1590 561 1674 spiritum
584 1609 644 1654 nec
667 1591 751 1653 ultra
773 1589 907 1653 biduum
926 1589 1117 1654 duraturum

205 1695 349 1758 Macroni
376 1694 523 1758 firmavit.
568 1694 643 1758 inde
674 1700 789 1759 cuncta
821 1695 999 1780 conloquiis
1029 1695 1116 1759 inter

205 1803 407 1882 praesentes,
444 1798 562 1862 nuntiis
595 1798 681 1882 apud
719 1798 847 1882 legatos
884 1804 930 1862 etv
953 1799 1117 1863 exercitus

171 1903 446 1966 afestinabantur.
499 1903 670 1986 septimum
702 1903 864 1967 decimum
895 1905 959 1969 kal.
991 1903 1118 1989 Aprilis

205 2007 380 2070 interclusa
410 2007 517 2068 anima
549 2005 688 2070 creditus
720 2013 769 2070 est
797 2007 1028 2072 mortalitatem
1057 2029 1117 2073 ex-

206 2111 360 2198 plevisse,
394 2121 426 2176 ct
457 2111 559 2174 multo
591 2116 774 2194 gratantum
804 2131 962 2176 concursu
993 2113 1033 2175 ad
1065 2094 1117 2175 ca·

206 2216 325 2302 pianda
349 2217 476 2300 imperii
499 2214 675 2300 primordia
699 2213 798 2278 Gaius
823 2214 943 2279 Caesar
966 2215 1117 2299 egredie-

206 2323 308 2402 batur,
332 2342 404 2384 cum
421 2325 555 2404 repente
571 2306 713 2382 adfertur
727 2319 834 2382 redire
849 2319 979 2383 Tiberio
1000 2339 1117 2382 vocem
1195 2386 1198 2409 Ε

172 2440 243 2489 25ac
266 2425 352 2488 visus
375 2425 547 2508 vocarique
577 2424 630 2507 qui
652 2423 847 2487 recreandae
872 2424 1047 2488 defectioni
1070 2427 1116 2487 ci-

206 2530 283 2593 bum
311 2528 484 2592 adferrent.
529 2548 630 2612 pavor
658 2526 733 2590 hinc
763 2527 796 2590 in
819 2548 930 2591 omnes
959 2535 991 2590 et
1014 2529 1116 2592 ceteri
1194 2576 1197 2593 .

206 2633 326 2716 passim
345 2632 496 2716 dispergi,
520 2653 553 2695 se
573 2631 706 2714 quisque
723 2639 884 2695 maestum
900 2637 955 2695 aut
969 2633 1117 2696 nescium

206 2737 345 2819 fingere3
378 2734 497 2799 Caesar
518 2733 552 2798 in
575 2734 735 2798 silentium
759 2735 842 2798 fixus
866 2758 1033 2800 asumma
1057 2759 1116 2821 spe
1195 2720 1197 2731 ¹

206 2840 381 2904 novissima
404 2839 604 2922 expectabat.
642 2837 751 2901 Macro
774 2839 954 2922 intrepidus
977 2841 1117 2924 opprimi

171 2965 318 3007 cosenem
341 2945 461 3006 iniectu
483 2943 603 3006 multae
626 2943 727 3006 vestis
750 2943 841 3006 iubat
865 2943 1051 3028 discedique
1075 2945 1117 3009 ab

207 3049 327 3112 limine.
378 3049 423 3111 sic
452 3047 599 3111 Tiberius
631 3046 733 3110 finivit
775 3054 888 3110 octavo
923 3052 955 3110 et
987 3056 1116 3132 septua-
1197 3030 1199 3047 Ι

208 3152 331 3235 gesimo
355 3152 469 3215 aetatis
493 3172 586 3216 anno.

273 3257 325 3318 51.
355 3254 454 3318 Pater
485 3257 515 3320 ei
537 3255 625 3319 Nero
651 3262 684 3320 ct
705 3257 866 3340 utrimque
897 3256 987 3339 origo
1012 3256 1116 3340 gentis

210 3356 381 3438 Claudiae,
413 3379 605 3442 quamquam
635 3367 738 3423 mater
766 3360 800 3422 in
822 3360 947 3423 Liviam
978 3366 1010 3423 ct
1039 3379 1116 3422 mox

208 3460 324 3523 Iuliam
359 3462 510 3526 familiam
544 3464 771 3548 adoptionibus
803 3464 974 3528 transierit.
1024 3484 1116 3526 casus
