2482 4014
289 340 326 379 aa
340 339 465 380 excussu
479 339 544 378 nrvr
557 338 685 379 nueusrr
698 339 730 378 vr
744 338 828 378 as-as.
959 331 1015 388 235

104 498 155 562 ius
178 498 293 580 valuit3
317 499 691 584 petitaquecriminibus
711 497 798 562 haud
815 498 935 583 ignotis
959 519 1017 561 sua

104 624 203 668 manu
217 623 289 668 sera
301 604 404 689 magis
419 624 515 688 quarn
527 605 676 669 inmerita
686 604 842 689 supplicia
851 603 1016 689 persolvit.

171 708 222 770 27.
245 707 308 772 Tot
326 708 464 772 luctibus
480 708 609 772 funesta
625 708 753 772 civitate
768 729 843 790 pars
861 706 1018 772 maeroris

104 812 181 892 fuit,
215 811 302 895 quod
332 811 416 875 Iulia
444 811 543 876 Drusi
571 813 652 894 filia,
687 811 850 897 quondam
877 810 1018 876 Neronis

104 938 200 997 uxor,
227 916 378 1001 denupsit
401 917 434 980 in
458 917 590 981 domum
612 907 756 981 Rubellii
778 915 906 998 Blandi,
930 916 1019 980 cuius

106 1041 203 1086 avum
216 1019 382 1084 Tiburtem
397 1021 540 1104 equitem
548 1021 730 1085 Romanum
747 1020 893 1105 plerique
908 1019 1019 1084 memi-

106 1131 232 1188 nerant.
271 1131 418 1189 extremo
444 1125 518 1188 anni
541 1145 628 1188 mors
650 1124 738 1189 Aelii
753 1124 885 1188 Lamiae
907 1124 1041 1186 funerea

107 1215 256 1293 censorio
294 1228 474 1310 celebrata,
513 1229 567 1311 qui
603 1229 874 1293 administrandae
908 1228 1019 1292 Suriae

108 1333 250 1416 imagine
271 1333 402 1397 tandem
420 1334 587 1397 exsolutus
605 1334 677 1397 urbi
692 1333 885 1419 praefuerat.
918 1352 1020 1415 genus

109 1437 158 1501 illi
181 1437 352 1520 decorum,
382 1439 490 1504 vivida
514 1445 681 1519 senectus,
714 1444 746 1502 et
774 1459 839 1502 non
865 1436 1021 1521 permissa

108 1540 276 1625 provincia
311 1541 532 1626 dignationem
563 1541 742 1607 addiderat.
787 1542 874 1605 exim
902 1541 1020 1604 Flacco

108 1646 292 1730 Pomponio
314 1644 426 1709 Suriae
448 1668 507 1731 pro
532 1654 683 1731 praetore
708 1645 859 1710 defuncto
883 1645 1058 1708 recitem-10

108 1753 161 1812 tur
196 1748 343 1813 Caesaris
372 1749 517 1831 litterae,
554 1750 625 1834 quis
654 1749 820 1814 incusabat
854 1748 1023 1830 egregium
1099 1759 1100 1764 ’

110 1873 271 1937 quemque
288 1860 321 1918 et
336 1854 487 1938 regendis
502 1854 697 1918 exercitibus
713 1855 866 1918 idoneum
882 1854 1023 1918 abnuere

110 1956 144 2020 id
166 1977 284 2021 munus
308 1979 407 2042 seque
431 1977 470 2021 ea
487 1957 726 2023 necessitudine
749 1959 790 2022 ad
809 1979 923 2043 preces
943 1957 1024 2042 cogi,

110 2083 170 2147 per
192 2082 271 2146 quas
295 2062 513 2126 consularium
536 2063 635 2146 aliqui
659 2083 827 2148 capessere
842 2062 1024 2146 provincias

112 2165 331 2248 adigerentur,
358 2165 476 2230 oblitus
499 2164 688 2230 Arruntium
711 2187 752 2230 ne
776 2167 809 2232 in
832 2165 1023 2252 Hispaniam
1033 2191 1059 2232 1⁵

111 2277 263 2355 pergeret
287 2270 458 2334 decumum
480 2271 544 2334 iam
566 2292 683 2335 annum
700 2270 835 2335 attineri.
872 2271 951 2334 obiit
968 2291 1023 2334 eo-

112 2375 186 2438 dem
211 2395 294 2438 anno
319 2381 352 2439 et
373 2375 428 2438 Μ’.
444 2375 597 2460 Lepidus,
623 2374 664 2440 de
688 2375 777 2440 cuius
800 2374 1024 2440 moderatione

113 2485 210 2562 atque
234 2477 394 2563 sapientia
415 2477 449 2540 in
464 2478 625 2562 prioribus
643 2479 733 2542 libris
751 2480 827 2542 satis
847 2480 1024 2544 conlocavi.

113 2603 219 2666 neque
238 2581 389 2646 nobilitas
406 2582 525 2645 diutius
543 2582 793 2646 demonstranda
816 2589 882 2648 est:
907 2583 1026 2668 qnippe

113 2688 289 2752 Aemilium
317 2709 421 2772 genus
451 2686 626 2752 fecundum
656 2687 814 2750 bonorum
846 2688 963 2751 civium
993 2692 1061 2751 etro
1088 2735 1091 2742 .

113 2795 167 2879 qui
182 2792 296 2857 eadem
308 2792 429 2856 familia
444 2772 761 2876 corruptis'moribus
776 2791 901 2855 inlustri
917 2796 1026 2854 tamen

114 2898 246 2962 fortuna
269 2917 377 2981 egere.

106 3079 108 3083 Ι
181 3004 233 3065 28.
264 3002 368 3066 Paulo
392 3002 493 3066 Fabio
519 3001 557 3065 L.
581 2999 716 3065 Vitellio
744 2999 928 3064 oonsulibus
953 3004 1028 3082 post

112 3108 250 3190 longum
287 3106 490 3171 saeculorum
526 3103 682 3169 ambitum
717 3104 784 3167 avis
821 3102 966 3187 phoenix
993 3102 1026 3164 in

114 3211 302 3294 Aegyptum
318 3211 407 3275 venit
422 3209 634 3294 praebuitque
648 3207 817 3272 materiem
835 3206 1028 3272 doctissimis

114 3314 339 3397 indigenarum
363 3321 395 3379 et
413 3316 613 3379 Graecorum
635 3315 738 3378 multa
761 3333 859 3398 super
878 3334 917 3378 eo
933 3312 1027 3375 mira-

115 3421 188 3485 culo
213 3419 402 3484 disserendi.
450 3418 490 3484 de
521 3419 636 3503 quibus
666 3422 847 3502 congruunt
877 3422 910 3480 et
936 3417 1050 3501 pluras

114 3523 276 3606 ambigua,
300 3523 358 3587 sed
378 3524 509 3607 cognitu
528 3542 594 3585 non
616 3520 755 3586 absurda
771 3540 920 3606 promere
936 3519 1026 3583 libet.
