<?xml version="1.0" encoding="UTF-8"?>
<!DOCTYPE html PUBLIC "-//W3C//DTD XHTML 1.0 Transitional//EN"
    "http://www.w3.org/TR/xhtml1/DTD/xhtml1-transitional.dtd">
<html xmlns="http://www.w3.org/1999/xhtml" xml:lang="en" lang="en">
 <head>
  <title>
</title>
<meta http-equiv="Content-Type" content="text/html;charset=utf-8" />
  <meta name='ocr-system' content='tesseract 3.04.00' />
  <meta name='ocr-capabilities' content='ocr_page ocr_carea ocr_par ocr_line ocrx_word'/>
</head>
<body>
  <div class='ocr_page' id='page_1' title='image "./annalen01tacigoog_0097.png"; bbox 0 0 2444 4010; ppageno 0'>
   <div class='ocr_carea' id='block_1_1' title="bbox 210 283 788 338">
    <p class='ocr_par' dir='ltr' id='par_1_1' title="bbox 210 283 788 338">
     <span class='ocr_line' id='line_1_1' title="bbox 210 283 788 338; baseline 0 -12"><span class='ocrx_word' id='word_1_1' title='bbox 210 283 248 338; x_wconf 84' lang='lat'>84</span> <span class='ocrx_word' id='word_1_2' title='bbox 539 286 678 328; x_wconf 80' lang='lat' dir='ltr'>CORNELII</span> <span class='ocrx_word' id='word_1_3' title='bbox 690 285 788 327; x_wconf 76' lang='lat' dir='ltr'>‘raom</span> 
     </span>
    </p>
   </div>
   <div class='ocr_carea' id='block_1_2' title="bbox 172 442 1129 3551">
    <p class='ocr_par' dir='ltr' id='par_1_2' title="bbox 172 442 1129 3551">
     <span class='ocr_line' id='line_1_2' title="bbox 173 442 1121 531; baseline 0 -23"><span class='ocrx_word' id='word_1_4' title='bbox 173 470 198 509; x_wconf 78' lang='grc' dir='ltr'>ιο</span> <span class='ocrx_word' id='word_1_5' title='bbox 208 445 282 531; x_wconf 88' lang='lat' dir='ltr'>quia</span> <span class='ocrx_word' id='word_1_6' title='bbox 296 445 431 510; x_wconf 90' lang='lat' dir='ltr'>florente</span> <span class='ocrx_word' id='word_1_7' title='bbox 445 442 527 510; x_wconf 80' lang='lat' dir='ltr'>Gaio</span> <span class='ocrx_word' id='word_1_8' title='bbox 542 443 680 508; x_wconf 78' lang='lat' dir='ltr'>Caesare</span> <span class='ocrx_word' id='word_1_9' title='bbox 696 442 860 528; x_wconf 88' lang='lat' dir='ltr'>missoque</span> <span class='ocrx_word' id='word_1_10' title='bbox 877 443 979 508; x_wconf 83' lang='lat' dir='ltr'><strong>adres</strong></span> <span class='ocrx_word' id='word_1_11' title='bbox 991 443 1121 508; x_wconf 87' lang='lat' dir='ltr'>orientis</span> 
     </span>
     <span class='ocr_line' id='line_1_3' title="bbox 207 546 1120 620; baseline -0.002 -6"><span class='ocrx_word' id='word_1_12' title='bbox 207 550 310 614; x_wconf 91' lang='lat' dir='ltr'>intuta</span> <span class='ocrx_word' id='word_1_13' title='bbox 331 548 452 613; x_wconf 81' lang='lat' dir='ltr'>Tiberii</span> <span class='ocrx_word' id='word_1_14' title='bbox 475 547 615 612; x_wconf 88' lang='lat' dir='ltr'>amicitia</span> <span class='ocrx_word' id='word_1_15' title='bbox 631 546 831 612; x_wconf 79' lang='lat' dir='ltr'>credebatur.</span> <span class='ocrx_word' id='word_1_16' title='bbox 869 552 906 611; x_wconf 94' lang='lat' dir='ltr'>ut</span> <span class='ocrx_word' id='word_1_17' title='bbox 928 568 1021 612; x_wconf 85' lang='lat' dir='ltr'>versa</span> <span class='ocrx_word' id='word_1_18' title='bbox 1040 547 1120 620; x_wconf 84' lang='lat' dir='ltr'>an-</span> 
     </span>
     <span class='ocr_line' id='line_1_4' title="bbox 207 651 1121 736; baseline -0.001 -17"><span class='ocrx_word' id='word_1_19' title='bbox 207 675 312 719; x_wconf 88' lang='lat' dir='ltr'>sarum</span> <span class='ocrx_word' id='word_1_20' title='bbox 337 652 449 717; x_wconf 90' lang='lat' dir='ltr'>subole</span> <span class='ocrx_word' id='word_1_21' title='bbox 470 652 642 736; x_wconf 89' lang='lat' dir='ltr'>imperium</span> <span class='ocrx_word' id='word_1_22' title='bbox 659 652 795 736; x_wconf 88' lang='lat' dir='ltr'>adeptus</span> <span class='ocrx_word' id='word_1_23' title='bbox 812 657 871 734; x_wconf 90' lang='lat' dir='ltr'>est,</span> <span class='ocrx_word' id='word_1_24' title='bbox 895 653 982 718; x_wconf 88' lang='lat' dir='ltr'>elicit</span> <span class='ocrx_word' id='word_1_25' title='bbox 996 651 1121 718; x_wconf 87' lang='lat' dir='ltr'>Arche-</span> 
     </span>
     <span class='ocr_line' id='line_1_5' title="bbox 205 756 1122 841; baseline -0.002 -20"><span class='ocrx_word' id='word_1_26' title='bbox 205 759 293 823; x_wconf 84' lang='lat' dir='ltr'>laum</span> <span class='ocrx_word' id='word_1_27' title='bbox 322 758 432 822; x_wconf 89' lang='lat' dir='ltr'>matris</span> <span class='ocrx_word' id='word_1_28' title='bbox 460 756 593 839; x_wconf 89' lang='lat' dir='ltr'>litteris,</span> <span class='ocrx_word' id='word_1_29' title='bbox 623 777 705 841; x_wconf 87' lang='lat' dir='ltr'>quae</span> <span class='ocrx_word' id='word_1_30' title='bbox 735 777 801 821; x_wconf 90' lang='lat' dir='ltr'>non</span> <span class='ocrx_word' id='word_1_31' title='bbox 831 756 1041 821; x_wconf 78' lang='lat' dir='ltr'>dissimulatis</span> <span class='ocrx_word' id='word_1_32' title='bbox 1066 757 1122 821; x_wconf 91' lang='lat' dir='ltr'>lilii</span> 
     </span>
     <span class='ocr_line' id='line_1_6' title="bbox 208 858 1122 946; baseline 0 -20"><span class='ocrx_word' id='word_1_33' title='bbox 208 860 440 926; x_wconf 86' lang='lat' dir='ltr'>offensionibus</span> <span class='ocrx_word' id='word_1_34' title='bbox 463 858 668 924; x_wconf 89' lang='lat' dir='ltr'>elementiam</span> <span class='ocrx_word' id='word_1_35' title='bbox 692 858 858 942; x_wconf 82' lang='lat' dir='ltr'>offerebat,</span> <span class='ocrx_word' id='word_1_36' title='bbox 882 860 909 923; x_wconf 88' lang='lat' dir='ltr'>si</span> <span class='ocrx_word' id='word_1_37' title='bbox 931 861 1122 946; x_wconf 89' lang='lat' dir='ltr'>adpreoan·</span> 
     </span>
     <span class='ocr_line' id='line_1_7' title="bbox 173 963 1125 1049; baseline 0.004 -23"><span class='ocrx_word' id='word_1_38' title='bbox 173 987 197 1026; x_wconf 80' lang='lat' dir='ltr'>rc</span> <span class='ocrx_word' id='word_1_39' title='bbox 208 967 285 1031; x_wconf 92' lang='lat' dir='ltr'>dum</span> <span class='ocrx_word' id='word_1_40' title='bbox 309 965 441 1031; x_wconf 86' lang='lat' dir='ltr'>veniret.</span> <span class='ocrx_word' id='word_1_41' title='bbox 479 965 534 1030; x_wconf 91' lang='lat' dir='ltr'>ille</span> <span class='ocrx_word' id='word_1_42' title='bbox 558 965 690 1047; x_wconf 88' lang='lat' dir='ltr'>ignarus</span> <span class='ocrx_word' id='word_1_43' title='bbox 713 963 781 1028; x_wconf 89' lang='lat' dir='ltr'>doli</span> <span class='ocrx_word' id='word_1_44' title='bbox 802 964 864 1046; x_wconf 83' lang='lat' dir='ltr'>rel,</span> <span class='ocrx_word' id='word_1_45' title='bbox 889 964 914 1029; x_wconf 88' lang='lat' dir='ltr'>si</span> <span class='ocrx_word' id='word_1_46' title='bbox 929 965 1125 1049; x_wconf 82' lang='lat' dir='ltr'>intellegere</span> 
     </span>
     <span class='ocr_line' id='line_1_8' title="bbox 207 1069 1123 1156; baseline 0 -20"><span class='ocrx_word' id='word_1_47' title='bbox 207 1071 402 1154; x_wconf 79' lang='lat' dir='ltr'>crederetur,</span> <span class='ocrx_word' id='word_1_48' title='bbox 424 1072 491 1137; x_wconf 85' lang='lat' dir='ltr'>vim</span> <span class='ocrx_word' id='word_1_49' title='bbox 513 1075 661 1134; x_wconf 90' lang='lat' dir='ltr'>metuens</span> <span class='ocrx_word' id='word_1_50' title='bbox 683 1069 717 1135; x_wconf 90' lang='lat' dir='ltr'>in</span> <span class='ocrx_word' id='word_1_51' title='bbox 738 1069 851 1134; x_wconf 90' lang='lat' dir='ltr'>urbem</span> <span class='ocrx_word' id='word_1_52' title='bbox 871 1078 1038 1156; x_wconf 90' lang='lat' dir='ltr'>properat:</span> <span class='ocrx_word' id='word_1_53' title='bbox 1066 1093 1123 1136; x_wconf 87' lang='lat' dir='ltr'>ex·</span> 
     </span>
     <span class='ocr_line' id='line_1_9' title="bbox 208 1173 1125 1262; baseline -0.001 -21"><span class='ocrx_word' id='word_1_54' title='bbox 208 1182 384 1262; x_wconf 78' lang='lat' dir='ltr'>septusque</span> <span class='ocrx_word' id='word_1_55' title='bbox 406 1174 521 1241; x_wconf 85' lang='lat' dir='ltr'>immiti</span> <span class='ocrx_word' id='word_1_56' title='bbox 545 1197 564 1239; x_wconf 89' lang='lat' dir='ltr'>a</span> <span class='ocrx_word' id='word_1_57' title='bbox 584 1173 728 1257; x_wconf 84' lang='lat' dir='ltr'>principe</span> <span class='ocrx_word' id='word_1_58' title='bbox 753 1179 785 1238; x_wconf 92' lang='lat' dir='ltr'>et</span> <span class='ocrx_word' id='word_1_59' title='bbox 808 1196 887 1239; x_wconf 86' lang='lat' dir='ltr'>mox</span> <span class='ocrx_word' id='word_1_60' title='bbox 907 1182 1076 1240; x_wconf 89' lang='lat' dir='ltr'>accusatus</span> <span class='ocrx_word' id='word_1_61' title='bbox 1092 1175 1125 1240; x_wconf 93' lang='lat' dir='ltr'>in</span> 
     </span>
     <span class='ocr_line' id='line_1_10' title="bbox 207 1277 1126 1362; baseline 0.001 -20"><span class='ocrx_word' id='word_1_62' title='bbox 207 1285 330 1360; x_wconf 85' lang='lat' dir='ltr'>senatu,</span> <span class='ocrx_word' id='word_1_63' title='bbox 353 1300 419 1344; x_wconf 88' lang='lat' dir='ltr'>non</span> <span class='ocrx_word' id='word_1_64' title='bbox 443 1279 484 1342; x_wconf 91' lang='lat' dir='ltr'>ob</span> <span class='ocrx_word' id='word_1_65' title='bbox 507 1277 641 1342; x_wconf 90' lang='lat' dir='ltr'>erimina</span> <span class='ocrx_word' id='word_1_66' title='bbox 663 1297 745 1362; x_wconf 90' lang='lat' dir='ltr'>quae</span> <span class='ocrx_word' id='word_1_67' title='bbox 765 1277 979 1361; x_wconf 86' lang='lat' dir='ltr'>fingebantur,</span> <span class='ocrx_word' id='word_1_68' title='bbox 1003 1283 1051 1342; x_wconf 92' lang='lat' dir='ltr'>set</span> <span class='ocrx_word' id='word_1_69' title='bbox 1070 1300 1126 1343; x_wconf 89' lang='lat' dir='ltr'>an·</span> 
     </span>
     <span class='ocr_line' id='line_1_11' title="bbox 207 1381 1127 1467; baseline 0.003 -22"><span class='ocrx_word' id='word_1_70' title='bbox 207 1401 300 1466; x_wconf 86' lang='lat' dir='ltr'>gere,</span> <span class='ocrx_word' id='word_1_71' title='bbox 325 1382 419 1446; x_wconf 91' lang='lat' dir='ltr'>simul</span> <span class='ocrx_word' id='word_1_72' title='bbox 441 1382 531 1446; x_wconf 89' lang='lat' dir='ltr'>senio</span> <span class='ocrx_word' id='word_1_73' title='bbox 556 1387 588 1446; x_wconf 94' lang='lat' dir='ltr'>et</span> <span class='ocrx_word' id='word_1_74' title='bbox 611 1381 687 1466; x_wconf 91' lang='lat' dir='ltr'>quia</span> <span class='ocrx_word' id='word_1_75' title='bbox 707 1381 838 1466; x_wconf 86' lang='lat' dir='ltr'>regibus</span> <span class='ocrx_word' id='word_1_76' title='bbox 862 1403 980 1467; x_wconf 86' lang='lat' dir='ltr'>aequa,</span> <span class='ocrx_word' id='word_1_77' title='bbox 1002 1383 1127 1448; x_wconf 89' lang='lat' dir='ltr'>nedum</span> 
     </span>
     <span class='ocr_line' id='line_1_12' title="bbox 172 1485 1127 1570; baseline 0.007 -25"><span class='ocrx_word' id='word_1_78' title='bbox 172 1487 315 1552; x_wconf 80' lang='lat' dir='ltr'>roinlima</span> <span class='ocrx_word' id='word_1_79' title='bbox 344 1487 474 1551; x_wconf 87' lang='lat' dir='ltr'>insolita</span> <span class='ocrx_word' id='word_1_80' title='bbox 502 1490 591 1569; x_wconf 82' lang='lat' dir='ltr'>sunt,</span> <span class='ocrx_word' id='word_1_81' title='bbox 620 1485 718 1550; x_wconf 88' lang='lat' dir='ltr'>finem</span> <span class='ocrx_word' id='word_1_82' title='bbox 743 1485 829 1550; x_wconf 85' lang='lat' dir='ltr'>vitae</span> <span class='ocrx_word' id='word_1_83' title='bbox 853 1491 969 1570; x_wconf 89' lang='lat' dir='ltr'>sponte</span> <span class='ocrx_word' id='word_1_84' title='bbox 993 1506 1033 1549; x_wconf 91' lang='lat' dir='ltr'>an</span> <span class='ocrx_word' id='word_1_85' title='bbox 1056 1486 1127 1552; x_wconf 87' lang='lat' dir='ltr'>fato</span> 
     </span>
     <span class='ocr_line' id='line_1_13' title="bbox 206 1587 1125 1676; baseline 0.001 -22"><span class='ocrx_word' id='word_1_86' title='bbox 206 1591 363 1676; x_wconf 90' lang='lat' dir='ltr'>implevit.</span> <span class='ocrx_word' id='word_1_87' title='bbox 398 1611 534 1674; x_wconf 88' lang='lat' dir='ltr'>regnum</span> <span class='ocrx_word' id='word_1_88' title='bbox 557 1590 591 1652; x_wconf 90' lang='lat' dir='ltr'>in</span> <span class='ocrx_word' id='word_1_89' title='bbox 614 1588 814 1674; x_wconf 87' lang='lat' dir='ltr'>provinciam</span> <span class='ocrx_word' id='word_1_90' title='bbox 830 1587 998 1654; x_wconf 87' lang='lat' dir='ltr'>redactum</span> <span class='ocrx_word' id='word_1_91' title='bbox 1012 1588 1125 1654; x_wconf 82' lang='lat' dir='ltr'>fructi-</span> 
     </span>
     <span class='ocr_line' id='line_1_14' title="bbox 205 1693 1128 1780; baseline 0 -21"><span class='ocrx_word' id='word_1_92' title='bbox 205 1695 330 1780; x_wconf 84' lang='lat' dir='ltr'>busque</span> <span class='ocrx_word' id='word_1_93' title='bbox 353 1695 454 1759; x_wconf 88' lang='lat' dir='ltr'>levari</span> <span class='ocrx_word' id='word_1_94' title='bbox 475 1714 572 1778; x_wconf 89' lang='lat' dir='ltr'>posse</span> <span class='ocrx_word' id='word_1_95' title='bbox 594 1693 788 1758; x_wconf 82' lang='lat' dir='ltr'>centesimae</span> <span class='ocrx_word' id='word_1_96' title='bbox 803 1694 943 1778; x_wconf 84' lang='lat' dir='ltr'>vectigal</span> <span class='ocrx_word' id='word_1_97' title='bbox 959 1694 1128 1779; x_wconf 86' lang='lat' dir='ltr'>professus</span> 
     </span>
     <span class='ocr_line' id='line_1_15' title="bbox 208 1798 1128 1884; baseline -0.002 -20"><span class='ocrx_word' id='word_1_98' title='bbox 208 1799 327 1864; x_wconf 81' lang='lat' dir='ltr'>ansar</span> <span class='ocrx_word' id='word_1_99' title='bbox 358 1798 610 1863; x_wconf 86' lang='lat' dir='ltr'>ducentesimam</span> <span class='ocrx_word' id='word_1_100' title='bbox 639 1799 673 1862; x_wconf 94' lang='lat' dir='ltr'>in</span> <span class='ocrx_word' id='word_1_101' title='bbox 701 1804 867 1883; x_wconf 89' lang='lat' dir='ltr'>posterum</span> <span class='ocrx_word' id='word_1_102' title='bbox 898 1800 1020 1863; x_wconf 80' lang='lat' dir='ltr'>statuit.</span> <span class='ocrx_word' id='word_1_103' title='bbox 1066 1819 1128 1884; x_wconf 93' lang='lat' dir='ltr'>per</span> 
     </span>
     <span class='ocr_line' id='line_1_16' title="bbox 207 1901 1127 1988; baseline 0 -22"><span class='ocrx_word' id='word_1_104' title='bbox 207 1903 294 1967; x_wconf 93' lang='lat' dir='ltr'>idem</span> <span class='ocrx_word' id='word_1_105' title='bbox 322 1909 449 1988; x_wconf 89' lang='lat' dir='ltr'>tempus</span> <span class='ocrx_word' id='word_1_106' title='bbox 478 1901 641 1966; x_wconf 87' lang='lat' dir='ltr'>Antiocho</span> <span class='ocrx_word' id='word_1_107' title='bbox 671 1901 984 1985; x_wconf 78' lang='lat' dir='ltr'>Commagenorum‚</span> <span class='ocrx_word' id='word_1_108' title='bbox 1012 1902 1127 1967; x_wconf 90' lang='lat' dir='ltr'>Philo·</span> 
     </span>
     <span class='ocr_line' id='line_1_17' title="bbox 173 2005 1126 2093; baseline 0.001 -22"><span class='ocrx_word' id='word_1_109' title='bbox 173 2013 319 2093; x_wconf 77' lang='lat' dir='ltr'>rapatore</span> <span class='ocrx_word' id='word_1_110' title='bbox 338 2007 473 2072; x_wconf 81' lang='lat' dir='ltr'>Cilicum</span> <span class='ocrx_word' id='word_1_111' title='bbox 496 2006 626 2090; x_wconf 85' lang='lat' dir='ltr'>regibus</span> <span class='ocrx_word' id='word_1_112' title='bbox 651 2005 808 2071; x_wconf 88' lang='lat' dir='ltr'>defunctis</span> <span class='ocrx_word' id='word_1_113' title='bbox 832 2005 1045 2071; x_wconf 85' lang='lat' dir='ltr'>turbabantur</span> <span class='ocrx_word' id='word_1_114' title='bbox 1068 2029 1126 2072; x_wconf 90' lang='lat' dir='ltr'>na·</span> 
     </span>
     <span class='ocr_line' id='line_1_18' title="bbox 206 2110 1128 2196; baseline 0.001 -21"><span class='ocrx_word' id='word_1_115' title='bbox 206 2111 312 2176; x_wconf 87' lang='lat' dir='ltr'>tiones</span> <span class='ocrx_word' id='word_1_116' title='bbox 331 2110 492 2195; x_wconf 89' lang='lat' dir='ltr'>plerisque</span> <span class='ocrx_word' id='word_1_117' title='bbox 507 2111 701 2193; x_wconf 87' lang='lat' dir='ltr'>Romanum,</span> <span class='ocrx_word' id='word_1_118' title='bbox 724 2110 795 2174; x_wconf 91' lang='lat' dir='ltr'>aliis</span> <span class='ocrx_word' id='word_1_119' title='bbox 811 2110 936 2194; x_wconf 84' lang='lat' dir='ltr'>regium</span> <span class='ocrx_word' id='word_1_120' title='bbox 952 2111 1128 2196; x_wconf 87' lang='lat' dir='ltr'>imperium</span> 
     </span>
     <span class='ocr_line' id='line_1_19' title="bbox 208 2215 1129 2300; baseline 0.004 -22"><span class='ocrx_word' id='word_1_121' title='bbox 208 2215 425 2298; x_wconf 78' lang='lat' dir='ltr'>cupientibus3</span> <span class='ocrx_word' id='word_1_122' title='bbox 460 2220 493 2278; x_wconf 90' lang='lat' dir='ltr'>et</span> <span class='ocrx_word' id='word_1_123' title='bbox 526 2215 710 2299; x_wconf 88' lang='lat' dir='ltr'>provinciae</span> <span class='ocrx_word' id='word_1_124' title='bbox 745 2215 838 2300; x_wconf 77' lang='lat' dir='ltr'>Syria</span> <span class='ocrx_word' id='word_1_125' title='bbox 872 2221 967 2300; x_wconf 88' lang='lat' dir='ltr'>atque</span> <span class='ocrx_word' id='word_1_126' title='bbox 1000 2215 1129 2284; x_wconf 85' lang='lat' dir='ltr'>Iudaea</span> 
     </span>
     <span class='ocr_line' id='line_1_20' title="bbox 206 2318 1070 2386; baseline 0.003 -3"><span class='ocrx_word' id='word_1_127' title='bbox 206 2319 310 2383; x_wconf 79' lang='lat' dir='ltr'>fessae</span> <span class='ocrx_word' id='word_1_128' title='bbox 336 2318 487 2383; x_wconf 88' lang='lat' dir='ltr'>oneribus</span> <span class='ocrx_word' id='word_1_129' title='bbox 512 2318 767 2386; x_wconf 91' lang='lat' dir='ltr'>deminutionem</span> <span class='ocrx_word' id='word_1_130' title='bbox 789 2321 901 2384; x_wconf 88' lang='lat' dir='ltr'>tributi</span> <span class='ocrx_word' id='word_1_131' title='bbox 924 2321 1070 2386; x_wconf 88' lang='lat' dir='ltr'>orabant.</span> 
     </span>
     <span class='ocr_line' id='line_1_21' title="bbox 272 2421 1128 2510; baseline 0.007 -26"><span class='ocrx_word' id='word_1_132' title='bbox 272 2424 323 2488; x_wconf 84' lang='lat'>43.</span> <span class='ocrx_word' id='word_1_133' title='bbox 356 2421 460 2506; x_wconf 87' lang='lat' dir='ltr'>Igitur</span> <span class='ocrx_word' id='word_1_134' title='bbox 486 2423 567 2488; x_wconf 90' lang='lat' dir='ltr'>haec</span> <span class='ocrx_word' id='word_1_135' title='bbox 597 2429 630 2488; x_wconf 90' lang='lat' dir='ltr'>et</span> <span class='ocrx_word' id='word_1_136' title='bbox 660 2422 701 2489; x_wconf 90' lang='lat' dir='ltr'>de</span> <span class='ocrx_word' id='word_1_137' title='bbox 730 2423 885 2489; x_wconf 86' lang='lat' dir='ltr'>Armenia</span> <span class='ocrx_word' id='word_1_138' title='bbox 914 2445 996 2509; x_wconf 89' lang='lat' dir='ltr'>quae</span> <span class='ocrx_word' id='word_1_139' title='bbox 1026 2445 1128 2510; x_wconf 89' lang='lat' dir='ltr'>supra</span> 
     </span>
     <span class='ocr_line' id='line_1_22' title="bbox 207 2525 1127 2614; baseline 0.005 -24"><span class='ocrx_word' id='word_1_140' title='bbox 207 2527 382 2590; x_wconf 85' lang='lat' dir='ltr'>memoravi</span> <span class='ocrx_word' id='word_1_141' title='bbox 406 2525 492 2611; x_wconf 90' lang='lat' dir='ltr'>apud</span> <span class='ocrx_word' id='word_1_142' title='bbox 505 2531 623 2611; x_wconf 87' lang='lat' dir='ltr'>patres</span> <span class='ocrx_word' id='word_1_143' title='bbox 645 2527 796 2592; x_wconf 91' lang='lat' dir='ltr'>disseruit</span> <span class='ocrx_word' id='word_1_144' title='bbox 810 2549 871 2594; x_wconf 88' lang='lat' dir='ltr'>nee</span> <span class='ocrx_word' id='word_1_145' title='bbox 885 2549 982 2614; x_wconf 88' lang='lat' dir='ltr'>posse</span> <span class='ocrx_word' id='word_1_146' title='bbox 999 2538 1127 2594; x_wconf 90' lang='lat' dir='ltr'>motum</span> 
     </span>
     <span class='ocr_line' id='line_1_23' title="bbox 207 2631 1127 2718; baseline 0.004 -24"><span class='ocrx_word' id='word_1_147' title='bbox 207 2631 366 2696; x_wconf 88' lang='lat' dir='ltr'>orientem</span> <span class='ocrx_word' id='word_1_148' title='bbox 389 2633 451 2696; x_wconf 90' lang='lat' dir='ltr'>uisi</span> <span class='ocrx_word' id='word_1_149' title='bbox 475 2632 660 2699; x_wconf 80' lang='lat' dir='ltr'>Germanici</span> <span class='ocrx_word' id='word_1_150' title='bbox 683 2632 1020 2718; x_wconf 67' lang='lat' dir='ltr'>sapientiamonponi:</span> <span class='ocrx_word' id='word_1_151' title='bbox 1048 2656 1127 2698; x_wconf 89' lang='lat' dir='ltr'>nam</span> 
     </span>
     <span class='ocr_line' id='line_1_24' title="bbox 206 2737 1125 2821; baseline 0.007 -23"><span class='ocrx_word' id='word_1_152' title='bbox 206 2756 296 2800; x_wconf 87' lang='lat' dir='ltr'>suam</span> <span class='ocrx_word' id='word_1_153' title='bbox 317 2741 456 2800; x_wconf 89' lang='lat' dir='ltr'>aetatem</span> <span class='ocrx_word' id='word_1_154' title='bbox 473 2757 619 2821; x_wconf 86' lang='lat' dir='ltr'>vergere,</span> <span class='ocrx_word' id='word_1_155' title='bbox 642 2737 741 2800; x_wconf 91' lang='lat' dir='ltr'>Drusi</span> <span class='ocrx_word' id='word_1_156' title='bbox 757 2738 901 2803; x_wconf 91' lang='lat' dir='ltr'>nondum</span> <span class='ocrx_word' id='word_1_157' title='bbox 917 2739 994 2804; x_wconf 87' lang='lat' dir='ltr'>satis</span> <span class='ocrx_word' id='word_1_158' title='bbox 1010 2737 1125 2804; x_wconf 91' lang='lat' dir='ltr'>adole·</span> 
     </span>
     <span class='ocr_line' id='line_1_25' title="bbox 186 2837 1128 2926; baseline 0.008 -24"><span class='ocrx_word' id='word_1_159' title='bbox 186 2838 305 2904; x_wconf 72' lang='lat' dir='ltr'>trisse.</span> <span class='ocrx_word' id='word_1_160' title='bbox 343 2845 419 2902; x_wconf 91' lang='lat' dir='ltr'>tunc</span> <span class='ocrx_word' id='word_1_161' title='bbox 443 2837 572 2904; x_wconf 87' lang='lat' dir='ltr'>decreto</span> <span class='ocrx_word' id='word_1_162' title='bbox 594 2847 720 2924; x_wconf 89' lang='lat' dir='ltr'>patrum</span> <span class='ocrx_word' id='word_1_163' title='bbox 737 2844 912 2926; x_wconf 83' lang='lat' dir='ltr'>permissae</span> <span class='ocrx_word' id='word_1_164' title='bbox 930 2843 1128 2910; x_wconf 79' lang='lat' dir='ltr'>Germanico</span> 
     </span>
     <span class='ocr_line' id='line_1_26' title="bbox 209 2945 1125 3031; baseline 0.008 -25"><span class='ocrx_word' id='word_1_165' title='bbox 209 2945 393 3029; x_wconf 83' lang='lat' dir='ltr'>provinciae</span> <span class='ocrx_word' id='word_1_166' title='bbox 425 2966 507 3029; x_wconf 87' lang='lat' dir='ltr'>quae</span> <span class='ocrx_word' id='word_1_167' title='bbox 537 2947 617 3010; x_wconf 90' lang='lat' dir='ltr'>mari</span> <span class='ocrx_word' id='word_1_168' title='bbox 650 2945 837 3012; x_wconf 85' lang='lat' dir='ltr'>dividuntur</span> <span class='ocrx_word' id='word_1_169' title='bbox 865 2947 1032 3031; x_wconf 87' lang='lat' dir='ltr'>maiusque</span> <span class='ocrx_word' id='word_1_170' title='bbox 1062 2949 1125 3012; x_wconf 90' lang='lat' dir='ltr'>im·</span> 
     </span>
     <span class='ocr_line' id='line_1_27' title="bbox 206 3049 1127 3134; baseline 0.003 -22"><span class='ocrx_word' id='word_1_171' title='bbox 206 3051 348 3134; x_wconf 85' lang='lat' dir='ltr'>perium,</span> <span class='ocrx_word' id='word_1_172' title='bbox 378 3069 507 3133; x_wconf 92' lang='lat' dir='ltr'>quoquo</span> <span class='ocrx_word' id='word_1_173' title='bbox 533 3049 669 3132; x_wconf 88' lang='lat' dir='ltr'>adisset,</span> <span class='ocrx_word' id='word_1_174' title='bbox 699 3071 794 3134; x_wconf 91' lang='lat' dir='ltr'>quam</span> <span class='ocrx_word' id='word_1_175' title='bbox 817 3051 856 3114; x_wconf 90' lang='lat' dir='ltr'>iis</span> <span class='ocrx_word' id='word_1_176' title='bbox 880 3051 934 3134; x_wconf 92' lang='lat' dir='ltr'>qui</span> <span class='ocrx_word' id='word_1_177' title='bbox 957 3058 1045 3122; x_wconf 81' lang='lat' dir='ltr'>sorte</span> <span class='ocrx_word' id='word_1_178' title='bbox 1068 3058 1127 3116; x_wconf 93' lang='lat' dir='ltr'>aut</span> 
     </span>
     <span class='ocr_line' id='line_1_28' title="bbox 204 3152 1125 3238; baseline 0.002 -22"><span class='ocrx_word' id='word_1_179' title='bbox 204 3153 304 3217; x_wconf 88' lang='lat' dir='ltr'>missu</span> <span class='ocrx_word' id='word_1_180' title='bbox 334 3152 486 3238; x_wconf 83' lang='lat' dir='ltr'>principis</span> <span class='ocrx_word' id='word_1_181' title='bbox 517 3153 710 3220; x_wconf 90' lang='lat' dir='ltr'>obtinerent.</span> <span class='ocrx_word' id='word_1_182' title='bbox 756 3154 814 3219; x_wconf 87' lang='lat' dir='ltr'>sed</span> <span class='ocrx_word' id='word_1_183' title='bbox 837 3153 986 3218; x_wconf 84' lang='lat' dir='ltr'>Tiberius</span> <span class='ocrx_word' id='word_1_184' title='bbox 1009 3153 1125 3220; x_wconf 91' lang='lat' dir='ltr'>demo·</span> 
     </span>
     <span class='ocr_line' id='line_1_29' title="bbox 204 3255 1124 3340; baseline 0.007 -21"><span class='ocrx_word' id='word_1_185' title='bbox 204 3260 294 3322; x_wconf 89' lang='lat' dir='ltr'>verat</span> <span class='ocrx_word' id='word_1_186' title='bbox 328 3255 422 3340; x_wconf 81' lang='lat' dir='ltr'>Syria</span> <span class='ocrx_word' id='word_1_187' title='bbox 454 3256 618 3321; x_wconf 81' lang='lat' dir='ltr'>Oreticum</span> <span class='ocrx_word' id='word_1_188' title='bbox 650 3257 810 3340; x_wconf 82' lang='lat' dir='ltr'>Silanum,</span> <span class='ocrx_word' id='word_1_189' title='bbox 846 3279 1006 3324; x_wconf 85' lang='lat' dir='ltr'>conexum</span> <span class='ocrx_word' id='word_1_190' title='bbox 1040 3258 1124 3326; x_wconf 81' lang='lat' dir='ltr'>Ger-</span> 
     </span>
     <span class='ocr_line' id='line_1_30' title="bbox 172 3359 1123 3442; baseline 0.011 -23"><span class='ocrx_word' id='word_1_191' title='bbox 172 3359 348 3440; x_wconf 86' lang='lat' dir='ltr'>romanice,</span> <span class='ocrx_word' id='word_1_192' title='bbox 378 3359 453 3442; x_wconf 93' lang='lat' dir='ltr'>quia</span> <span class='ocrx_word' id='word_1_193' title='bbox 475 3359 576 3424; x_wconf 81' lang='lat' dir='ltr'>Silani</span> <span class='ocrx_word' id='word_1_194' title='bbox 604 3361 670 3424; x_wconf 85' lang='lat' dir='ltr'>filia</span> <span class='ocrx_word' id='word_1_195' title='bbox 690 3363 816 3426; x_wconf 88' lang='lat' dir='ltr'>Neroni</span> <span class='ocrx_word' id='word_1_196' title='bbox 838 3364 1055 3430; x_wconf 86' lang='lat' dir='ltr'>vetustissimo</span> <span class='ocrx_word' id='word_1_197' title='bbox 1083 3364 1123 3429; x_wconf 93' lang='lat' dir='ltr'>li-</span> 
     </span>
     <span class='ocr_line' id='line_1_31' title="bbox 206 3459 1124 3551; baseline 0.012 -29"><span class='ocrx_word' id='word_1_198' title='bbox 206 3459 357 3524; x_wconf 89' lang='lat' dir='ltr'>berorum</span> <span class='ocrx_word' id='word_1_199' title='bbox 368 3469 470 3544; x_wconf 80' lang='lat' dir='ltr'>pacta,</span> <span class='ocrx_word' id='word_1_200' title='bbox 483 3463 746 3548; x_wconf 85' lang='lat' dir='ltr'>praefeceratque</span> <span class='ocrx_word' id='word_1_201' title='bbox 758 3464 816 3528; x_wconf 83' lang='lat' dir='ltr'>Cn.</span> <span class='ocrx_word' id='word_1_202' title='bbox 826 3465 979 3532; x_wconf 89' lang='lat' dir='ltr'>Pisonem</span> <span class='ocrx_word' id='word_1_203' title='bbox 989 3468 1124 3551; x_wconf 88' lang='lat' dir='ltr'>ingenio</span> 
     </span>
    </p>
   </div>
   <div class='ocr_carea' id='block_1_3' title="bbox 0 0 1229 4004">
    <p class='ocr_par' dir='ltr' id='par_1_3' title="bbox 0 0 1229 4004">
     <span class='ocr_line' id='line_1_32' title="bbox 0 0 1229 4004; baseline 0 0"><span class='ocrx_word' id='word_1_204' title='bbox 0 0 1229 4004; x_wconf 95' lang='lat' dir='ltr'> </span> 
     </span>
    </p>
   </div>
  </div>
 </body>
</html>
