2482 4014
320 313 358 351 ss
372 313 498 352 nucussu
512 313 577 352 nrm
590 312 718 353 suousrr
731 281 762 352 rr
776 313 861 356 43-46.
989 309 1042 365 191

132 498 253 561 easque
273 475 313 540 ob
330 497 381 539 res
399 474 538 557 insignia
553 472 706 557 triumphi
721 473 859 558 adeptus
876 478 934 537 est.
967 473 1045 537 obiit

132 587 166 646 et
180 580 219 644 L.
234 579 407 661 Antonius,
430 578 532 643 multa
555 577 743 641 claritudine
767 577 895 660 generis
919 576 977 639 sed
996 577 1044 641 in·
1140 575 1141 578 ’

130 705 296 769 prospera.
335 704 410 748 nam
433 689 525 767 patre
550 682 619 746 eius
633 681 705 745 Iulo
722 680 865 744 Antonio
891 682 933 745 ob
952 681 1044 744 adul-

131 789 249 853 terium
270 787 372 851 Iuliae
394 791 499 850 morte
522 785 634 869 punito
658 785 743 848 hunc
767 784 941 850 admodum
965 785 1079 849 adu-15

131 893 355 973 lescentulum,
371 891 490 954 sororis
502 894 667 974 nepotem,
680 890 825 973 seposuit
833 889 1002 972 Augutua
1011 889 1045 953 in

133 997 296 1060 civitatem
315 994 560 1075 Massiliensem,
582 993 637 1058 ubi
656 995 764 1078 specie
788 994 968 1059 studiorum
981 1015 1044 1077 no-

133 1121 208 1166 men
241 1100 330 1164 exilii
361 1104 535 1182 tegeretur.
586 1100 714 1164 habitus
746 1105 856 1165 tamen
888 1099 1046 1186 supremis

131 1205 237 1270 honor
261 1224 395 1287 ossaque
418 1203 541 1268 tumulo
559 1202 767 1269 Octaviorum
789 1205 889 1268 inlata
911 1224 970 1287 per
986 1201 1042 1268 de-

132 1315 257 1375 cretum
279 1317 417 1375 senatus.
1055 1329 1080 1368 so

197 1416 249 1478 45.
276 1413 386 1485 Isdem
402 1413 585 1479 consulibus
600 1413 721 1478 facinus
736 1420 831 1477 atrox
845 1414 879 1477 in
896 1414 1044 1478 citeriore

132 1518 292 1603 Hispania
322 1519 497 1583 admissum
529 1539 549 1581 a
579 1519 718 1602 quodam
755 1519 876 1602 agresti
907 1518 1046 1582 nationis

132 1623 365 1688 Termestinae.
397 1623 424 1685 is
439 1629 624 1707 praetorem
639 1622 824 1705 provinciae
835 1621 872 1686 L.
882 1622 1045 1703 Pisonem,

132 1746 215 1810 pace
236 1725 442 1806 incuriosum,
466 1725 695 1808 exinproviso
720 1726 754 1788 in
775 1725 891 1790 itinere
915 1724 1045 1788 adortus

133 1852 199 1894 unc
231 1831 364 1894 vulnere
391 1831 424 1893 in
453 1836 592 1894 mortem
621 1829 755 1910 adfecit3
787 1851 825 1893 ao
855 1828 1067 1913 pernicitates

133 1934 210 2018 equi
226 1933 392 2017 profugus,
414 1938 584 2017 postquam
601 1932 760 1996 saltuosos
775 1932 867 1997 locos
884 1933 1044 2016 attigerat,

133 2036 266 2100 dimisso
295 2058 376 2120 equo
400 2057 459 2121 per
482 2035 619 2120 derupta
642 2044 675 2101 et
697 2037 769 2100 avia
791 2038 957 2120 sequentis
980 2036 1045 2099 fru-

133 2147 252 2204 stratus
269 2148 327 2205 cst.
356 2161 461 2224 neque
478 2140 533 2204 diu
548 2139 678 2206 fefellit:
702 2160 778 2204 nam
796 2161 915 2225 prenso
932 2141 1046 2204 ducto·

133 2266 198 2330 que
220 2266 279 2330 per
301 2245 468 2328 proximos
490 2266 592 2331 pagos
623 2267 728 2330 equo,
761 2246 850 2311 cuius
878 2245 963 2311 foret
993 2267 1046 2310 co·

133 2350 271 2434 gnitum.
316 2356 348 2413 et
370 2354 518 2432 repertus
549 2369 622 2413 cum
645 2349 814 2415 tormentis
832 2345 943 2422 ¹edere
971 2371 1082 2414 con-ro

135 2453 220 2517 scios
254 2451 456 2536 adigeretur,
494 2472 575 2518 voce
613 2473 731 2536 magua
763 2473 911 2518 sermone
944 2456 1047 2538 patrio

132 2558 254 2622 frustra
275 2577 310 2621 se
329 2556 521 2640 interrogari
544 2556 735 2622 clamitavit:
759 2556 955 2622 adsisterent
970 2559 1049 2623 socii

133 2685 173 2728 ac
204 2667 403 2748 spectarent,
436 2661 558 2725 nullam
589 2661 655 2725 vim
685 2667 808 2725 tantam
842 2661 981 2745 doloris,
1013 2668 1049 2727 ut

136 2769 307 2834 veritatem
324 2766 465 2831 eliceret.
491 2766 642 2850 idemque
659 2787 732 2830 cum
748 2772 878 2850 postero
896 2765 938 2830 ad
950 2789 1047 2852 quae·

135 2873 275 2937 ationem
293 2871 520 2954 retraheretur,
539 2891 578 2935 eo
594 2872 666 2935 nisu
682 2872 841 2957 proripuit
856 2893 890 2937 sc
907 2872 1083 2942 custodi-15

136 2977 196 3041 bus
220 2995 364 3058 saxoque
392 2980 488 3058 caput
511 2974 651 3057 adflixit,
683 2981 719 3039 ut
746 2976 854 3039 statim
885 2977 1047 3040 exanima-

135 3087 235 3145 retur.
281 3079 338 3144 sed
360 3080 436 3144 Piso
460 3079 735 3144 Termestinorum
759 3079 835 3143 dolo
860 3101 970 3144 caesus
992 3081 1048 3144 ha·

135 3185 247 3264 betur3
286 3184 405 3270 quippe
440 3183 593 3268 pecunias
629 3203 646 3247 e
683 3182 813 3268 publico
852 3184 1048 3267 interceptas

135 3289 241 3353 acrius
264 3309 359 3372 quam
383 3293 418 3350 ut
440 3289 617 3352 tolerarent
639 3287 767 3352 barbari
791 3289 937 3373 cogebat.

203 3395 254 3456 46.
283 3392 423 3486 Lentulo
449 3391 618 3457 Gaetulico
643 3392 679 3457 Ο.
700 3391 837 3456 Calvisio
862 3394 1047 3459 consulibus

134 3497 267 3562 decreta
294 3497 448 3581 triumphi
476 3497 613 3580 iusignia
636 3498 792 3580 Poppaeo
816 3495 934 3563 Sabino
970 3519 1046 3563 con·
