2444 4010
259 279 296 318 AB
313 277 440 318 EXCESSU
454 277 519 317 DIVI
532 276 661 317 AUGUSTI
672 275 708 315 111
721 275 806 314 ‘rs-30.
932 269 988 324 129

7 467 8 474 .
86 457 167 499 mum
198 436 250 502 die
280 437 386 501 lorum
415 436 578 522 ingressus
608 443 657 501 est
680 436 878 520 congiarium
903 435 991 521 plebi

7 617 8 634 ,
83 539 251 604 admodum
281 541 405 623 laetae,
438 540 524 625 quod
550 539 733 605 Germanici
762 539 895 625 stirpem
926 538 990 602 iam

7 703 8 726 ,
83 644 234 728 puberem
248 644 432 729 aspiciebat.
466 633 595 707 auctum
611 642 728 708 dehinc
741 642 895 727 gaudium
907 655 1025 728 nup-15

7 745 8 776 ³
83 750 131 813 tiis
159 749 298 814 Neronis
329 755 362 814 et
390 748 493 814 Iuliae
516 747 615 811 Drusi
644 747 739 812 filiae.
783 753 882 831 utque
909 748 991 810 baec

83 854 220 918 secundo
244 873 392 934 rumore,
424 851 469 915 ita
500 851 645 916 adversis
677 851 790 915 animis
822 857 989 936 acceptum

7 991 8 1004 κ
83 957 167 1042 quod
197 957 263 1022 filio
297 956 424 1046 Claudii
462 977 555 1022 socer
586 956 720 1021 Seianus
758 957 990 1022 destinaretur:

7 1123 8 1128 ,
82 1062 232 1147 polluisse
261 1061 464 1140 nobilitatem
492 1062 632 1126 familiae
655 1067 905 1152 suspectumque
927 1063 991 1126 iam

7 1221 9 1254 ,
81 1165 196 1229 nimiae
220 1164 290 1250 spei
312 1165 466 1229 Seianum
487 1165 572 1230 ultra
595 1166 761 1244 extulisse.
1001 1184 1027 1222 20

7 1267 8 1270 '
144 1271 196 1334 30.
229 1269 311 1334 Fine
343 1269 419 1333 anni
450 1290 640 1334 concessere
668 1269 735 1333 vita
761 1269 904 1354 insignes
933 1270 993 1335 viri

81 1373 116 1437 L.
134 1372 290 1438 Volusius
314 1378 347 1438 et
370 1373 539 1438 Sallustius
557 1373 700 1458 Crispus.
739 1372 875 1438 Volusio
899 1381 993 1439 vetus

7 1519 9 1530 .
80 1477 200 1542 familia
214 1498 320 1562 neque
336 1483 445 1542 tamen
460 1482 644 1563 praeturam
660 1498 806 1561 egressa:
830 1477 900 1563 ipse
917 1500 992 1545 con-

8 1647 11 1664 ,
81 1584 218 1648 sulatum
238 1581 356 1662 intulit,
380 1581 526 1646 censoria
547 1582 645 1646 etiam
663 1587 825 1666 potestate
843 1581 993 1666 legendis

8 1667 9 1706 ³
81 1687 225 1772 equitum
248 1685 385 1751 decuriis
415 1686 543 1751 functus
573 1707 751 1771 opumque,
784 1687 853 1770 quis
878 1685 1014 1751 domuss

9 1808 12 1872 3¹
80 1791 133 1856 illa
155 1791 337 1855 inmensum
356 1790 475 1874 viguit,
496 1791 619 1875 primus
642 1788 874 1854 adcumulator.
906 1788 991 1853 Oris-

8 1895 11 1907 '
80 1915 156 1978 pum
189 1892 329 1977 equestri
359 1901 464 1956 ortum
494 1893 567 1958 loeo
601 1893 638 1958 0.
664 1893 850 1975 Sallustius,
884 1913 992 1958 rerum

79 1996 301 2062 Romanarum
313 1996 558 2061 florentissimus
573 2004 694 2079 auctor,
709 1997 828 2060 sororis
837 2003 992 2082 nepotem

9 2117 10 2120 ’
79 2102 111 2166 in
124 2122 245 2166 nomen
262 2100 407 2165 adscivit.
437 2107 533 2186 atquc
551 2101 616 2183 ille,
635 2095 827 2186 quamquam
841 2109 991 2187 prompto

79 2205 119 2268 ad
136 2204 355 2290 capessendos
371 2206 511 2270 honores
527 2202 625 2286 aditu,
643 2205 864 2268 Maecenatem
881 2225 991 2268 aemu-
1002 2228 1027 2266 ro

79 2308 164 2372 latus
183 2307 250 2371 sine
266 2305 422 2389 dignitate
439 2307 601 2372 senatoria
614 2306 734 2370 multos
750 2307 1000 2392 triumphalium

80 2411 361 2495 consulariumque
370 2410 517 2494 potentia
527 2409 648 2489 anteiit,
662 2409 805 2474 diversus
815 2432 834 2474 a
846 2417 991 2476 veterum

78 2515 227 2580 instituto
251 2534 310 2598 per
333 2515 454 2579 cultum
478 2520 511 2578 et
531 2512 704 2577 munditias
723 2514 879 2599 copiaque
896 2522 929 2580 et
947 2517 992 2580 af-

77 2619 213 2684 fluentia
230 2618 310 2681 luxu
328 2616 470 2702 propior.
507 2615 638 2680 suberat
655 2621 765 2681 tamen
783 2617 877 2702 vigor
894 2619 993 2683 animi

78 2722 266 2807 ingentibus
288 2721 427 2805 negotiis
450 2742 522 2804 par,
547 2741 586 2783 eo
610 2719 731 2802 acrior,
757 2742 819 2805 quo
844 2743 992 2788 somnum
1002 2747 1027 2785 15

78 2836 110 2894 et
124 2826 278 2897 inertiam
293 2825 396 2907 magis
410 2823 601 2889 ostentabat.
631 2822 729 2908 igitur
740 2823 992 2890 ineolumiMae-

79 2938 194 2997 cenate
226 2930 411 3015 proximus,
450 2950 529 2993 mox
560 2926 753 3012 praecipuus
787 2929 838 2993 cui
869 2937 994 2996 secreta

78 3036 312 3122 imperatorum
334 3033 549 3097 inniterentur
568 3037 601 3097 et
615 3031 830 3097 interficiendi
846 3034 993 3099 Postumi

78 3141 247 3226 Agrippae
271 3137 428 3220 conscius,
456 3141 562 3200 aetate
585 3142 741 3219 proveeta
763 3137 904 3222 speciem
927 3161 993 3203 ma·

78 3245 127 3328 gis
150 3245 185 3308 in
207 3241 348 3308 amicitia
366 3239 518 3326 principis
542 3260 638 3324 quam
658 3239 724 3303 vim
743 3240 857 3304 tenuit.
894 3240 991 3327 idque
1003 3263 1027 3300 ro

79 3359 111 3416 et
124 3349 308 3417 Maecenati
324 3346 495 3429 acciderat,
517 3347 585 3411 fato
601 3346 766 3430 potentiae
784 3367 856 3411 raro
874 3347 992 3432 sempi-

78 3463 211 3538 ternae,
245 3475 286 3519 an
317 3450 413 3516 satias
444 3450 530 3535 capit
560 3455 617 3514 aut
646 3451 738 3530 illos,
777 3472 850 3532 cum
887 3452 994 3517 omnia
