2498 4010
314 325 351 364 AB
365 323 491 364 EXGESSU
505 323 570 361 DIVI
583 320 710 361 AUGUSTI
723 320 735 358 I
748 319 834 358 12-15.
987 313 1025 370 13

65 525 68 530 ·
109 483 260 548 tramisit.
304 481 472 565 fessusque
496 480 636 543 clamore
661 477 813 559 omnium,
838 478 1025 560 expostula-

109 590 201 655 tione
224 587 424 670 singulorum
438 584 529 649 flexit
548 583 713 668 paulatim,
737 603 803 647 non
816 589 853 645 ut
871 582 1027 647 fateretur

110 693 232 777 suscipi
255 714 274 756 a
296 713 331 756 se
354 690 543 775 imperium,
574 689 633 753 sed
654 695 690 753 ut
718 709 839 773 negare
864 694 896 752 et
918 688 1062 772 rogarias

112 798 287 863 desineret.
339 799 465 860 constat
497 786 687 875 Haterium,
721 814 794 856 cum
829 790 1026 877 deprecandi

112 924 212 966 eausa
242 899 402 964 Palatium
432 899 598 963 introisset
627 897 884 982 ambulantisque
906 897 1028 961 Tiberii

111 1026 222 1090 genua
236 1002 474 1083 advolveretur,
489 1023 592 1086 prope
609 1023 627 1065 a
643 1001 798 1066 militibus
813 1003 1027 1084 interfectum,

112 1109 191 1194 quia
205 1107 353 1172 Tiberius
369 1127 445 1171 casu
461 1125 501 1170 an
520 1106 668 1169 manibus
685 1106 753 1169 eius
770 1104 934 1190 inpeditus
952 1126 1027 1190 pro-

112 1213 249 1279 ciderat.
288 1231 394 1294 neque
411 1215 520 1274 tamen
535 1209 679 1293 periculo
696 1209 769 1274 talis
785 1211 845 1274 viri
863 1210 1028 1294 mitigatus
1037 1232 1064 1269 so

113 1324 177 1400 est,
193 1317 297 1381 donee
307 1314 462 1379 Haterius
473 1313 657 1396 Augustam
670 1319 776 1378 oraret
791 1313 924 1398 eiusque
938 1335 1028 1378 cura-

112 1421 249 1487 tissimis
270 1419 422 1504 precibus
444 1423 683 1503 protegeretur.

187 1527 237 1588 14.
267 1524 371 1588 Multa
400 1532 528 1606 patrum
552 1528 585 1587 et
613 1523 646 1586 in
670 1523 852 1607 Augustam
875 1523 1030 1589 adulatio.

114 1630 174 1694 alii
196 1632 380 1713 parentem,
410 1625 465 1689 alii
488 1631 623 1690 matrem
646 1627 769 1711 patriae
792 1627 1029 1713 appellandam,

113 1734 265 1820 plerique
287 1739 323 1796 ut
345 1732 468 1796 nomini
489 1730 635 1796 Caesaris
658 1732 895 1797 adscriberetur
917 1733 1029 1814 ,Iuliae

115 1836 213 1903 filius‘
246 1838 430 1903 censebant.
489 1837 544 1902 ille
582 1838 800 1903 moderandos
839 1837 1029 1902 feminarum

115 1945 261 2008 honores
272 1941 422 2006 dictitans
433 1929 610 2025 eademque
625 1963 660 2006 sa
673 1941 887 2027 temperantia
898 1963 1053 2006 usurums

116 2051 153 2112 in
177 2048 216 2112 iis
238 2067 320 2132 quae
343 2046 405 2110 sibi
427 2045 656 2128 tribuerentur,
680 2053 824 2110 ceterum
847 2047 961 2111 anxius
983 2047 1032 2110 in-

117 2151 209 2218 vidia
231 2159 264 2216 et
286 2151 444 2215 muliebre
466 2149 630 2234 fastigium
652 2151 685 2215 in
704 2152 961 2218 deminutionem
984 2153 1033 2217 sui

118 2256 283 2340 accipiens
305 2275 348 2318 ne
369 2254 518 2319 lictorem
541 2255 671 2339 quidem
696 2255 826 2322 decerni
848 2279 961 2342 passus
985 2264 1034 2322 est

118 2379 274 2444 aramque
311 2358 495 2443 adqtionis
527 2366 559 2423 et
585 2359 647 2423 alia
675 2360 808 2424 huiusce
840 2359 930 2425 modi
959 2381 1033 2445 pro·
1060 2441 1064 2452 ὓ

118 2464 235 2529 hibuit.
280 2469 313 2529 at
337 2462 529 2528 Germanico
554 2461 684 2527 Caesari
715 2465 944 2548 proconsulare
973 2464 1069 2530 im-ro

119 2568 249 2655 perium
264 2567 390 2651 petivit,
406 2565 556 2650 missique
574 2567 674 2649 legati
685 2568 739 2651 qui
751 2567 923 2650 deferrent,
939 2567 1034 2631 simul

119 2670 316 2737 maestitiam
340 2669 380 2734 ob
397 2690 566 2734 excessum
578 2669 720 2754 Augusti
743 2671 933 2736 solarentur.
970 2691 1033 2756 quo

121 2777 228 2842 minus
258 2775 346 2840 idem
374 2795 432 2858 pro
463 2774 572 2839 Druso
598 2774 833 2859 postularetur,
870 2796 910 2840 ea
939 2796 1035 2840 causa

121 2879 212 2968 quod
236 2879 421 2963 designatus
437 2879 549 2944 consul
572 2899 790 2963 praesensque
808 2885 886 2944 erat.
926 2879 1035 2944 candi-

122 2985 220 3050 datos
240 2988 410 3068 praeturae
441 2982 613 3046 duodecim
644 2983 837 3066 nominavit,
866 3005 1034 3050 numerum
1046 3014 1071 3052 15

121 3090 166 3156 ab
188 3089 338 3172 Augusto
363 3087 532 3169 traditum3
558 3093 590 3152 et
613 3089 763 3153 hortante
787 3094 900 3152 senatu
921 3095 958 3152 ut
980 3110 1036 3152 au-

122 3197 229 3278 geret,
254 3193 322 3257 iure
338 3190 475 3254 iurando
495 3191 668 3256 obstrinxit
683 3212 718 3256 se
735 3213 801 3257 non
818 3213 1037 3257 excessurum.

194 3298 245 3361 15.
274 3295 357 3359 Tum
381 3295 518 3381 primum
542 3315 560 3359 a
583 3314 698 3379 campo
715 3293 846 3358 comitia
864 3294 905 3358 ad
928 3301 1037 3379 patres

123 3385 295 3468 translata:
326 3421 401 3464 narn
424 3400 465 3464 ad
489 3419 561 3464 earn
586 3399 681 3481 diem,
716 3400 776 3464 etsi
798 3399 965 3484 potissima
986 3421 1037 3464 ar-

123 3505 220 3571 bitrio
245 3503 413 3588 principis,
444 3503 604 3588 quaedam
627 3511 736 3567 tamen
759 3502 871 3567 studiis
897 3504 1036 3569 tribuum
