2444 4010
284 314 322 352 na
336 313 462 354 axoussu
476 314 541 354 nrvr
554 313 682 354 nuausrr
694 315 730 354 ru
744 315 828 355 11-13.
954 310 1010 366 119

98 471 193 535 tinuit
207 473 329 538 nudare
347 494 462 560 corpus
477 479 512 538 et
527 473 791 539 contrectandum
805 474 894 557 vulgi
910 474 1010 537 oculis
1021 495 1047 534 ro

98 577 286 660 permittere
303 577 488 662 differrique
502 578 601 642 etiam
612 598 671 662 per
682 583 836 642 externos
847 584 1011 662 tamquam

99 699 224 744 veneno
247 681 443 763 interceptus
467 688 561 764 esset,
585 681 612 744 si
633 681 757 747 incerta
779 682 884 747 adhuc
902 682 964 745 ista
979 686 1012 746 et

98 783 269 848 scrutanda
284 785 379 848 sunt?
400 781 503 848 defleo
521 783 672 868 equidem
685 784 786 850 filium
802 806 912 850 meum
927 805 1012 849 sem-

99 907 220 972 perque
251 887 394 954 deflcbo:
425 888 485 953 sed
513 911 619 974 neque
648 911 739 955 reum
766 890 922 975 prohibeo
947 910 1010 974 quo

99 992 204 1056 minus
234 998 347 1058 cuncta
376 995 534 1078 proferat,
564 994 678 1077 quibus
699 995 885 1060 innocentia
907 994 1047 1059 suble-rs

99 1094 167 1159 vari
189 1101 259 1178 aut,
289 1096 379 1180 siqua
401 1096 461 1163 fuit
483 1097 634 1181 iniquitas
659 1099 859 1182 Germanici,
882 1097 1013 1182 coargui

99 1199 212 1282 possit,
234 1220 356 1283 vosque
378 1220 435 1267 oro
450 1221 503 1284 ne,
527 1201 602 1286 quia
624 1201 728 1266 dolori
750 1225 823 1270 meo
846 1223 942 1269 eausa
958 1224 1012 1266 co-

99 1324 185 1367 nexa
201 1309 259 1385 est,
277 1305 404 1370 obiecta
418 1305 554 1370 crimina
567 1326 625 1390 pro
641 1306 828 1392 adprobatis
841 1307 1013 1392 arripiatis.

99 1408 209 1491 siquos
230 1409 429 1494 propinquus
453 1409 583 1494 sanguis
608 1416 662 1474 aut
683 1410 764 1474 fides
787 1432 844 1475 sua
858 1415 1013 1494 patronos

101 1513 202 1596 dedit,
226 1520 380 1599 quantum
403 1514 537 1600 quisque
562 1515 748 1598 eloquentia
770 1524 803 1581 et
826 1538 901 1580 cura
916 1517 1047 1598 valetne

99 1621 208 1686 iuvate
235 1620 489 1706 periclitantem:
519 1620 560 1685 ad
583 1619 723 1686 eundem
745 1620 907 1703 laborem,
938 1641 1012 1684 ean·

102 1725 176 1790 dem
206 1725 419 1790 constantiam
448 1732 650 1791 accusatores
679 1725 803 1792 hortor.
846 1725 881 1792 id
904 1725 1014 1789 solum

102 1829 295 1896 Germanico
325 1848 422 1913 super
450 1828 541 1912 leges
567 1829 840 1912 praestiterimus,
871 1827 958 1913 quod
981 1827 1014 1892 in

100 1934 191 2000 ouria
216 1933 325 2019 potius
348 1953 443 2017 quam
466 1932 499 1996 in
521 1932 609 2014 loro,
639 1933 725 2019 apud
748 1939 896 2000 senatum
918 1954 1013 2018 quam

100 2037 189 2124 apud
220 2037 342 2102 iudices
375 2037 416 2102 de
447 2043 551 2103 morte
581 2039 775 2123 anquiritur:
808 2043 916 2104 cetera
944 2038 1014 2123 pari
1022 2063 1048 2102 as

100 2141 262 2208 modestia
283 2147 469 2207 tractentur.
507 2163 603 2206 nemo
618 2143 717 2207 Drusi
737 2143 894 2225 lacrimas,
918 2164 1013 2232 nemo

99 2247 297 2312 maestitiam
318 2266 423 2311 meam
446 2253 587 2332 spectet,
616 2269 677 2313 nec
700 2248 793 2332 siqua·
820 2248 851 2311 in
874 2267 934 2314 nos
957 2248 1012 2312 ad-

99 2374 197 2418 versa
219 2347 401 2436 finguntur}

120 2497 124 2502 ·
168 2457 221 2522 13.
254 2454 351 2519 Exim
377 2453 512 2518 biduum
542 2453 726 2519 criminibus
752 2454 927 2520 obiciendis
950 2461 1015 2518 sta-

95 2558 203 2634 tuitur
226 2564 324 2641 utque
346 2577 405 2622 sex
424 2555 547 2622 dierum
563 2559 667 2642 spatio
683 2558 852 2626 interiecto
868 2579 943 2624 reus
957 2579 1017 2644 per
1049 2633 1051 2636 ¹

99 2661 244 2728 triduum
274 2659 513 2746 defenderetur,
555 2668 622 2726 tum
647 2661 812 2727 Fulcinius
841 2669 955 2728 vetera
984 2671 1016 2728 et

98 2767 210 2832 inania
233 2763 373 2846 orditur,
397 2764 566 2830 ambitiose
589 2786 750 2851 avareque
773 2766 915 2832 habitam
936 2767 1014 2832 His-

95 2869 246 2956 paniam3
271 2867 358 2954 quod
373 2889 478 2951 neque
492 2869 677 2934 convictum
691 2890 808 2953 noxae,
832 2870 858 2934 si
873 2871 1037 2936 recentiaa

99 2979 265 3062 purgaret,
280 2993 387 3057 neque
404 2971 571 3036 defensum
584 2973 779 3038 absolutioni
791 2980 870 3057 erat,
887 2975 913 3038 si
924 2980 1015 3039 tene-

98 3085 190 3144 retur
213 3078 397 3144 maioribus.
435 3082 509 3160 post
524 3097 620 3161 quem
635 3078 794 3143 Servaeus
811 3083 843 3142 et
857 3078 1017 3142 Veranius

101 3193 134 3250 et
153 3183 308 3248 Vitellius
332 3181 490 3245 consimili
512 3181 632 3263 studio,
655 3186 689 3245 et
710 3182 811 3246 multa
833 3180 1018 3266 eloquentia

100 3288 268 3369 Vitellius,
292 3286 441 3351 obiecere
466 3283 541 3349 odio
567 3285 750 3351 Germanici
773 3290 806 3350 et
828 3305 935 3349 rerum
956 3306 1015 3349 no·
1093 3311 1095 3314 ·

100 3412 216 3458 varum
238 3389 345 3454 studio
361 3389 515 3454 Pisonem
536 3387 652 3471 vulgus
675 3389 812 3453 militum
835 3409 894 3474 per
916 3388 1051 3453 licen-n

102 3496 181 3561 tiam
205 3505 238 3560 et
260 3495 422 3559 sociorum
442 3492 573 3558 iniurias
590 3514 629 3558 eo
645 3515 745 3578 nsque
763 3493 959 3578 conrupisse,
982 3502 1018 3559 ut
