2444 4010
203 279 241 335 80
534 283 783 324 oonrmnrscrrr

201 441 392 523 sententiae,
408 461 481 504 oum
496 442 664 506 inPalatio
678 448 808 508 senatus
817 442 1000 522 haberetur,
1016 441 1112 508 modo

202 544 371 609 Hortensii
400 545 485 609 inter
514 553 659 611 oratores
689 547 782 612 sitam
811 546 986 632 imaginem
1014 546 1112 611 modo

167 679 193 718 ιο
201 647 344 733 Augusti
366 650 495 716 intuens
518 651 559 715 ad
582 653 668 716 huno
691 651 825 717 modum
849 651 973 736 coepit:
996 657 1114 736 ,patres

201 756 392 840 conscripti,
422 755 498 835 hos,
528 775 664 840 quorum
693 777 866 820 numerum
888 763 921 821 et
943 758 1114 841 pueritiam

149 850 152 856 ¹
201 860 336 942 videtis,
366 880 432 924 non
462 867 578 945 sponte
614 861 744 943 sustuli,
776 860 835 926 sed
863 862 939 946 quia
967 863 1115 947 princeps

199 964 368 1030 mouebat:
398 964 493 1028 simul
522 964 661 1029 maiores
690 971 875 1030 meruerant
903 973 939 1031 ut
967 973 1115 1052 posteros

200 1070 368 1134 haberent.
407 1090 483 1134 nam
506 1089 578 1153 ego,
602 1070 653 1134 cui
676 1091 742 1135 non
756 1069 905 1154 pecunia,
927 1091 994 1136 non
1010 1072 1116 1136 studia

167 1201 192 1240 rs
201 1174 313 1260 populi
335 1194 442 1259 neque
466 1174 667 1258 eloquentia,
699 1175 820 1258 gentile
842 1176 980 1258 bonum,
1010 1177 1114 1242 varie·

200 1285 267 1345 tate
291 1285 472 1363 temporum
495 1279 571 1342 satis
594 1279 768 1362 habebam,
795 1281 822 1344 si
845 1286 959 1345 tenues
981 1302 1034 1346 res
1056 1301 1115 1346 neo

199 1385 278 1449 mihi
310 1384 427 1470 pudori
460 1405 520 1449 neo
552 1385 699 1470 cuiquam
730 1385 821 1450 oneri
850 1384 966 1450 forent.
1011 1384 1115 1450 iussus
1207 1437 1208 1444 ,

200 1489 240 1554 ab
271 1491 466 1574 imperatore
498 1510 636 1554 uxorem
667 1489 755 1554 duxi.
801 1509 843 1553 en
866 1490 961 1574 stirps
986 1496 1019 1555 et
1040 1511 1114 1576 pro·

199 1595 312 1680 genies
333 1601 383 1659 tot
406 1596 584 1676 consulum,
608 1600 658 1659 tot
680 1592 883 1669 dictatorum.
918 1615 979 1658 nec
1001 1593 1044 1659 ad
1066 1596 1112 1660 in·

164 1700 319 1765 2⁰vidiam
333 1699 405 1783 ista,
429 1699 487 1766 sed
504 1698 723 1764 conciliandae
740 1697 982 1764 misericordiae
999 1701 1114 1765 refero.

198 1804 417 1889 adsequentur
438 1805 575 1869 florente
591 1809 708 1886 aetate,
734 1803 864 1888 Caesar,
889 1824 969 1889 quos
986 1803 1113 1869 dederis

197 1911 355 1975 honores:
387 1910 516 1975 interim
541 1909 579 1984 Q.
602 1908 773 1974 Hortensii
801 1913 1017 1994 pronepotes,
1049 1906 1113 1973 divi

197 2013 338 2099 Augusti
362 2015 508 2079 alumnos
531 2013 571 2077 ab
593 2013 704 2097 inopia
727 2010 887 2078 defende!

262 2120 313 2183 38.
329 2117 501 2183 Inclinatio
511 2122 640 2181 senatus
650 2115 894 2181 incitamentum
904 2115 1036 2180 Tiberio
1048 2135 1110 2200 quo

196 2222 377 2307 promptius
392 2220 627 2304 adversaretur,
650 2220 700 2284 his
716 2219 819 2284 ferme
834 2219 942 2285 verbis
956 2240 1050 2284 usus:
1075 2220 1113 2297 ,si

197 2332 352 2411 quantum
381 2345 561 2409 pauperum
589 2326 702 2390 venire
724 2325 788 2390 huc
811 2332 843 2389 et
866 2324 976 2390 liberis
998 2330 1110 2410 petere

196 2429 350 2515 pecunias
374 2429 549 2513 coeperint,
573 2429 691 2513 singuli
712 2450 887 2514 numquam
903 2431 1109 2495 exsatiabuu·

175 2539 257 2617 stur,
280 2533 485 2619 respublica
508 2534 647 2600 deficiet.
678 2554 740 2598 neo
762 2555 839 2599 sane
855 2531 932 2599 ideo
948 2534 1109 2600 amsiori·

196 2641 257 2705 bus
289 2659 477 2704 conoessum
508 2638 622 2724 egredi
653 2638 826 2722 aliquando
855 2638 1049 2703 relationem
1079 2645 1110 2702 et

197 2742 286 2829 quod
308 2744 341 2806 in
366 2764 534 2809 commune
560 2741 719 2808 conducat
741 2741 814 2806 loco
839 2743 1020 2808 sententiae
1035 2763 1109 2827 pro·

195 2849 291 2931 ferre,
313 2855 349 2912 ut
372 2848 497 2932 privata
518 2847 652 2932 negotia
675 2853 708 2911 et
728 2867 781 2910 res
796 2845 970 2910 familiares
985 2852 1110 2912 nostras

196 2953 249 3017 hio
271 2974 457 3038 augeamus,
482 2974 554 3016 cum
577 2950 698 3016 invidia
718 2956 849 3016 senatus
872 2955 906 3014 et
918 2949 1109 3034 principum,

161 3084 186 3123 10
196 3058 264 3122 sive
278 3056 480 3122 indulserint
501 3057 707 3140 largitionem
731 3054 798 3119 sive
827 3052 1008 3118 abnuerint.
1045 3075 1110 3120 non

196 3163 283 3226 enim
304 3182 421 3246 preces
441 3159 545 3244 istud,
569 3160 628 3225 sed
651 3160 859 3243 efflagitatio,
882 3158 1110 3243 intempestiva

197 3264 329 3348 quidem
354 3271 386 3330 et
408 3264 583 3350 inprovisa,
608 3284 680 3328 oum
696 3264 766 3327 aliis
783 3262 824 3328 de
838 3263 934 3328 rebus
951 3281 1110 3327 convene·

196 3369 261 3431 rint
289 3375 415 3453 patres,
445 3388 640 3450 consurgere
671 3375 704 3433 et
725 3389 861 3433 numero
884 3372 980 3450 atque
1004 3372 1109 3432 aetate

198 3469 335 3533 liberum
358 3491 475 3554 urgere
498 3470 691 3535 modestiam
715 3479 861 3552 senatus,
885 3468 1023 3535 eandem
1046 3471 1108 3535 vim
