2444 4010
291 313 329 351 AB
343 311 468 352 nxcnsso
482 313 732 354 n1v1auousu11v
746 314 830 354 12-15.
960 297 1015 366 16'9
1062 311 1063 314 ’

103 469 242 548 sissent,
275 467 463 532 claritudine
496 468 626 533 infausti
656 471 784 553 generis
800 480 847 534 'et
873 473 1015 555 paternis

104 571 247 636 adversis
269 570 353 636 foret
375 571 563 636 abstractus.
676 623 678 628 ,
1025 599 1051 640 ao

169 679 221 740 14.
251 675 284 740 Is
316 695 444 760 quoque
476 697 578 742 annus
606 677 786 763 legationes
819 675 1014 744 Graecarum

104 780 279 846 eivitatium
301 781 415 845 habuit
435 780 551 846 Samiis
567 782 711 866 Iunonis,
735 783 811 848 uois
826 784 1015 871 Aesculapii

103 885 237 950 delubro
260 891 424 960 vetustum
446 886 527 971 asyli
549 886 599 950 ius
620 896 657 952 ut
678 888 858 953 firmaretur
874 891 1013 976 petenti-

101 989 171 1054 bus.
217 988 316 1054 Samii
348 987 479 1055 decreto
510 989 786 1076 Amphictyonum
819 994 1013 1072 nitebantur,

101 1095 173 1178 quis
205 1094 414 1179 praecipuum
443 1094 503 1158 fuit
535 1115 642 1187 rerum
673 1098 824 1160 omnium·
849 1096 1034 1179 iudicium,s

101 1220 164 1284 qua
187 1203 381 1284 tempestate
406 1198 523 1265 Graeci
546 1199 684 1264 conditis
712 1223 770 1286 per
790 1201 904 1265 Asiam
925 1202 1012 1267 urbi-
1117 1237 1119 1244 ·

99 1303 161 1370 bus
192 1322 248 1366 ora
276 1302 372 1378 maris
394 1302 612 1388 potiebantur.
641 1326 761 1389 neque
792 1304 899 1392 dispar
926 1305 1012 1392 apud

101 1407 188 1472 Coos
215 1408 386 1490 antiquitas
418 1415 451 1472 et
480 1407 655 1474 accedebat
684 1410 833 1474 meritum
856 1431 899 1474 ex
921 1410 1033 1476 loco:-

99 1532 175 1576 nam
191 1511 276 1576 cives
288 1511 454 1577 Romanos
471 1511 595 1597 templo
604 1512 792 1598 Aesculapii
807 1513 1011 1598 induxerant,

99 1639 174 1680 cum
197 1617 287 1680 iussu
308 1615 395 1700 regis
417 1615 614 1681 Mithridatis
644 1616 731 1701 apud
761 1625 891 1682 cunctas
906 1610 1047 1685 ¹Asiaero

98 1721 220 1786 insulas
250 1727 282 1786 et
304 1720 401 1785 urbes
430 1719 676 1786 trucidarentur.
719 1721 815 1786 variis
839 1721 955 1786 dehinc
979 1731 1011 1786 et

5 1839 6 1848 ’
98 1824 227 1910 saepius
264 1825 367 1890 inritis
404 1824 589 1909 praetorum
626 1825 809 1910 questibus,
847 1833 1010 1910 postremp

100 1930 222 1996 Caesar·
244 1929 285 1995 de
307 1929 501 1994 inmodestia
523 1924 723 1995 histrionum
738 1931 877 1995 rettulit:
909 1930 1011 1994 multa

98 2033 139 2098 ab
161 2033 201 2097 iis
229 2033 263 2097 in
291 2033 456 2118 publicum
485 2033 652 2117 seditiose,
681 2033 779 2098 foeda
807 2055 867 2119 per
895 2034 1010 2100 domos

96 2138 267 2224 temptari;
300 2136 419 2202 Oscum
441 2137 605 2222 quondam
625 2137 801 2219 ludicrum,
827 2138 1009 2207 levissimae
1019 2163 1045 2202 rs

97 2241 186 2326 apud
198 2243 330 2326 vulgum
342 2241 577 2323 oblectationis,
589 2261 630 2316 eo
639 2242 834 2325 flagitiorum
849 2248 882 2306 et
893 2242 1009 2307 virium

96 2348 242 2429 venisse,
273 2343 463 2411 auctoritate
492 2354 619 2432 patrum
644 2353 683 2410 'ut
712 2340 925 2412 coercendum
958 2348 1008 2412 sit.
1069 2401 1072 2406 .

97 2450 184 2535 pulsi
206 2457 275 2514 tum
297 2451 469 2515 histriones
491 2450 596 2515 Italia.

165 2555 215 2618 15.
249 2553 343 2618 Idem
365 2575 467 2620 annus
490 2555 552 2620 alio
576 2573 704 2638 quoque
726 2555 815 2618 luctu
839 2553 1009 2619 Caesarem
1053 2585 1055 2589 ·

97 2656 219 2740 adficit,
248 2659 384 2724 alterum
415 2679 457 2722 ex
479 2658 616 2741 geminis
639 2656 737 2722 Drusi
765 2658 874 2723 liberis
904 2660 1009 2724 extin-

97 2759 228 2846 guendo
257 2782 362 2846 neque
393 2763 497 2826 minus
526 2769 631 2828 morte
660 2763 764 2826 amici.
808 2764 836 2827 is
865 2763 925 2829 luit
945 2764 1010 2828 Lu-

98 2866 191 2932 cilius
213 2866 363 2949 Longus,
392 2867 533 2931 omnium
556 2868 765 2931 illitristium
786 2865 1009 2952 laetorumque

96 2972 206 3035 socius
243 2991 389 3056 unusque
421 2993 439 3036 e
473 2970 675 3036 senatoribus
707 2970 830 3036 Rhodii
865 2993 1032 3038 secessusa

95 3095 218 3140 comes.
262 3076 307 3140 ita
338 3097 530 3161 quamquam
561 3097 646 3143 novo
676 3077 799 3141 homini
828 3079 1010 3142 censorium

92 3179 209 3259 funus,
241 3179 381 3264 effigiem
404 3179 490 3265 apud
512 3180 618 3244 forum
639 3179 781 3264 Augusti
803 3173 934 3263 publica
954 3200 1011 3264 pe·

91 3284 192 3348 cunia
223 3287 331 3370 patres
362 3283 556 3366 decrevere,
589 3289 668 3368 aput
699 3303 780 3366 quos
813 3284 910 3346 etiam
942 3289 1012 3347 tum

98 3393 214 3454 cuncta
242 3387 478 3470 tractabantur,
510 3386 594 3451 adeo
628 3391 664 3449 ut
693 3389 884 3471 procurator
912 3385 1011 3450 Asiae

97 3493 240 3558 Lucilius
257 3491 372 3576 Capito
396 3498 567 3556 accusante
589 3490 754 3574 provincia
776 3508 904 3554 oausam
920 3489 1049 3555 dixe-10

151 3603 274 3644 cornelius
287 3605 388 3642 Tacitus.
415 3604 432 3642 Ι,
823 3595 856 3644 10
