2444 4010
246 295 301 352 158
580 295 829 337 connnnrrraorrr

244 461 315 522 acto
344 458 466 520 aestate
495 455 631 518 retrahit
660 455 770 540 copias
799 461 855 520 aut
883 455 915 518 in
943 451 1166 520 hibernaculis,

244 560 362 627 veteris
392 559 576 645 provinciae
599 560 780 643 componit,
811 559 870 623 sed
892 560 925 624 in
947 559 1058 623 limine
1080 555 1149 620 belli

244 663 407 749 dispositis
437 662 576 727 castellis
606 682 664 746 per
694 663 865 747 expeditos
893 670 926 727 et
949 661 1149 728 solitudinum

243 789 361 852 gnaros
392 772 568 830 mutantem
600 765 739 849 mapalia
767 765 1002 831 Tacfarinatem
1029 771 1149 852 protur-

206 871 349 952 abebat,
371 869 475 934 donec
497 869 595 932 fratre
619 870 688 933 eius
709 879 803 954 capto
819 889 986 952 regressus
1002 877 1062 952 est,
1084 890 1150 952 pro·

242 974 406 1059 perantius
429 977 537 1037 tamen
560 993 655 1057 quam
679 992 722 1036 ex
743 974 883 1038 utilitate
906 975 1084 1055 sociorum,
1106 991 1149 1036 re-

242 1079 326 1142 lictis
354 1098 413 1162 per
441 1098 521 1161 quos
543 1086 728 1162 resurgeret
751 1078 882 1143 bellum.
929 1078 988 1144 sed
1010 1077 1150 1144 Tiberius

242 1204 299 1266 pro
329 1180 475 1248 confecto
498 1181 728 1265 interpretatus
750 1180 785 1244 id
807 1202 935 1266 quoque
958 1181 1079 1248 Blaeso
1102 1181 1150 1244 tri-

201 1321 204 1328 ·
244 1287 311 1349 buit
333 1291 369 1350 ut
391 1285 567 1369 imperator
590 1306 609 1348 a
632 1285 813 1368 legionibus
836 1285 1030 1350 salutaretur
1052 1287 1150 1371 prisco

207 1411 233 1450 ss
243 1412 319 1474 erga
329 1391 427 1455 duces
442 1392 577 1472 honore,
592 1391 647 1474 qui
658 1389 741 1454 bene
753 1396 881 1474 gestare
895 1391 1026 1475 publiea
1038 1389 1149 1475 gaudio

243 1501 275 1558 et
284 1494 546 1578 impetuviotoris
560 1495 720 1560 exercitus
735 1495 1033 1575 conclamabantur3
1053 1499 1149 1558 erant·

242 1621 304 1684 que
322 1599 430 1684 plures
447 1597 541 1662 simul
558 1599 770 1682 imperatores
785 1619 847 1664 neo
860 1619 958 1683 super
974 1605 1149 1664 ceterorum

242 1703 480 1788 aequalitatem.
511 1703 671 1767 concessit
686 1702 876 1787 quibusdam
893 1707 927 1766 et
938 1702 1108 1785 Augustus
1122 1699 1149 1764 id

242 1808 436 1874 vocabulum
458 1827 496 1870 ac
518 1813 594 1870 tnnc
609 1804 757 1871 Tiberius
772 1805 890 1871 Blaeso
915 1813 1124 1891 postremum.

309 1913 359 1974 75.
393 1911 512 1976 Obiere
536 1932 575 1976 eo
599 1931 682 1974 anno
707 1911 767 1976 viri
781 1912 932 1976 inlustres
947 1910 1084 1976 Asinius
1100 1909 1148 1974 Sa·

242 2017 378 2099 lonicus,
395 2016 438 2080 Μ.
454 2014 602 2100 Agrippa
617 2020 650 2080 et
664 2015 813 2081 Pollione
829 2016 944 2082 Asinio
960 2016 1039 2095 avis,
1057 2015 1148 2078 fratre

240 2120 348 2186 Druso
372 2121 504 2203 insignis
522 2119 717 2204 Caesarique
739 2140 902 2203 progener
917 2119 1107 2201 destinatus,
1122 2123 1149 2180 et
1207 2183 1208 2206 ἰ

242 2225 356 2309 Capito
380 2222 512 2299 Ateius,
544 2224 585 2289 de
611 2243 674 2307 quo
698 2224 890 2306 memoravi,
919 2223 1101 2307 principem
1122 2221 1148 2284 in
1207 2209 1208 2291 l

219 2329 370 2394 scisitate
393 2329 501 2394 locum
522 2327 635 2392 studiis
652 2328 798 2394 civilibus
813 2327 995 2408 adsecutis,
1019 2326 1147 2391 sedero

241 2432 427 2498 centurione
450 2431 593 2513 Sullano,
619 2436 710 2516 patre
733 2432 908 2516 praetorio.
953 2432 1149 2498 consulatum

240 2536 481 2600 adceleraverat
502 2533 686 2620 Augustus,
708 2543 744 2598 ut
766 2534 955 2600 Labeonem
976 2536 1147 2602 Antistium
1206 2529 1207 2609 l

168 2635 169 2640 ’
240 2639 342 2702 isdem
366 2639 488 2702 artibus
511 2638 763 2723 praecellentem
782 2639 970 2724 dignatione
986 2642 1147 2725 magistra·

240 2752 290 2809 tus
314 2745 461 2808 anteiret.
499 2763 639 2827 namque
662 2743 717 2807 illa
739 2749 829 2808 aetas
851 2744 915 2808 duo
932 2744 1021 2829 pacis
1037 2744 1147 2810 decora

205 2871 230 2911 ro
241 2849 336 2914 simul
359 2850 448 2913 tulit:
472 2848 530 2914 sed
554 2848 664 2912 Labeo
688 2848 874 2933 incorrupta
895 2848 1044 2914 libertate
1064 2855 1098 2914 et
1112 2848 1146 2912 ob
1205 2885 1206 2929 r

240 2952 273 3017 id
299 2953 385 3017 fama
407 2952 615 3033 celebratior,
647 2951 814 3036 Capitonis
838 2951 1028 3036 obsequium
1052 2952 1147 3018 domi·

240 3058 389 3122 nantibus
409 3057 511 3140 magis
533 3055 738 3141 probabatur.
782 3055 838 3139 illi,
862 3054 949 3140 quod
970 3065 1147 3140 praeturam

240 3163 323 3227 intra
333 3163 431 3243 stetit,
444 3158 682 3226 commendatio
692 3181 736 3228 ex
745 3161 874 3244 iniuria,
882 3162 965 3244 huic,
979 3163 1068 3247 quod
1078 3184 1146 3228 oon·
1204 3195 1205 3247 p

241 3266 389 3330 sulatum·
402 3263 538 3349 adeptus
559 3272 618 3347 est,
643 3265 753 3328 odium
774 3287 816 3330 ex
838 3266 958 3332 invidia
981 3267 1146 3332 oriebatur.

308 3372 357 3433 76.
389 3371 432 3436 Et
461 3369 554 3433 Iunia
583 3370 809 3452 sexagensimo
838 3382 952 3454 quarto
981 3377 1057 3456 post
1078 3369 1146 3436 Phi·

242 3472 421 3555 lippensem
451 3475 552 3537 aciem
576 3495 658 3539 anno
682 3494 867 3558 supremum
892 3473 977 3538 diem
999 3473 1146 3558 explerit,
1203 3481 1204 3567 p
