2498 4010
193 309 211 362 4
521 311 660 352 conunnn
674 313 772 354 racrrr

193 495 255 559 que
277 473 347 536 finis
371 479 403 537 et
425 493 500 558 spes
521 493 642 557 novae,
667 477 761 559 pauci
782 475 869 539 bona
891 476 1047 540 libertatis
1069 476 1101 538 in

106 581 108 588 '
194 600 319 644 cassum
343 578 518 662 disserere,
548 579 658 663 plures
680 580 801 644 bellum
831 601 1021 664 pavescere,
1052 580 1104 644 alii

194 706 322 770 cupere.
365 705 440 768 pars
461 683 562 749 multo
586 683 727 769 maxima
749 683 935 748 inminentis
956 675 1105 748 dominos

65 849 68 856 .
159 789 290 858 raveriis
320 788 503 852 rumoribus
534 779 755 852 differebant:¹
772 795 897 852 trucem
924 787 1104 874 Agrippam

194 901 226 960 et
249 893 427 980 ignominia
449 913 620 957 accensum
643 913 709 958 non
737 898 843 956 aetate
868 913 974 976 neque
997 914 1103 957 rerum

194 999 396 1084 experientia
410 1006 519 1063 tantae
534 997 611 1061 moli
627 1017 749 1082 parem,
763 978 929 1061 Tiberium
938 996 1103 1061 Neronem

152 1152 159 1164 ,
193 1109 355 1168 maturum
372 1089 473 1183 annis,
496 1108 676 1186 spectatum
696 1102 794 1182 belle,
818 1105 868 1165 set
882 1105 993 1166 vetere
1009 1107 1105 1185 atque

194 1206 290 1272 insita
306 1205 461 1270 Claudiae
475 1205 616 1270 familiae
630 1204 790 1290 superbia,
805 1206 972 1289 multaque
988 1204 1106 1268 indicia

160 1309 358 1392 resaevitiae,
375 1329 567 1394 quamquam
582 1314 779 1400 premantur,
802 1315 983 1394 erumpere.
1021 1310 1106 1373 hunc

195 1422 227 1480 et
242 1415 346 1500 prima
361 1413 400 1478 ab
416 1413 550 1478 infantia
566 1413 719 1477 eductum
741 1412 774 1477 in
792 1413 890 1477 domo
906 1413 1105 1496 regnatrice3

195 1527 366 1604 congestos
397 1517 506 1583 iuveni
538 1518 724 1582 consulatus
754 1517 952 1601 triumphos3
993 1538 1034 1581 ne
1067 1516 1105 1580 iis

195 1625 325 1710 quidem
349 1622 449 1705 annis,
473 1622 587 1706 quibus
603 1619 714 1685 Rhodi
736 1620 844 1705 specie
868 1641 1012 1684 secessus
1036 1620 1105 1684 exi-

194 1731 273 1794 lium
297 1729 410 1812 egerit,
434 1725 522 1791 aliud
538 1747 633 1810 quam
656 1727 737 1790 iram
761 1732 794 1790 et
816 1726 1053 1792 simulationem
1074 1731 1107 1790 et

161 1837 336 1900 rosecretas
358 1830 519 1896 lubidines
546 1829 747 1896 meditatum.
793 1829 948 1895 accedere
971 1837 1106 1895 matrem

196 1936 344 2001 muliebri
359 1935 554 2020 inpotentia:
578 1932 784 1999 serviendum
800 1934 944 1998 *feminae
964 1933 1105 1999 duobus-

197 2061 258 2125 que
280 2041 412 2124 insuper
427 2037 697 2120 adulescentibus,
721 2038 860 2121 quirem
881 2038 1042 2126 publicam
1059 2038 1106 2102 in·

197 2145 292 2209 terim
314 2148 471 2230 premant,
494 2141 687 2227 quandoque
711 2141 900 2206 distrahant.

263 2249 293 2313 5.
322 2247 415 2311 Haec
446 2251 542 2331 atque
575 2246 654 2310 talia
686 2245 881 2330 agitantibus
913 2266 1106 2330 gravescere

197 2351 350 2418 valetudo
367 2349 523 2433 Augusti:
546 2357 578 2428 et
595 2350 724 2435 quidam
744 2351 849 2415 scelus
868 2352 1106 2436 suspectabant.

198 2455 316 2540 quippe
332 2475 440 2519 rumor
461 2454 646 2536 incesserat,
666 2475 786 2540 paucos
802 2458 876 2519 ante
893 2475 1020 2519 menses
1036 2453 1106 2519 Au·

197 2565 326 2643 gustum
350 2559 461 2622 electis
482 2557 618 2623 consciis
639 2564 673 2622 et
696 2560 814 2623 comite
836 2579 901 2623 uno
918 2559 1019 2624 Fabio
1036 2561 1106 2624 Ma·

175 2663 286 2729 eximo
309 2660 496 2756 Planasiam,
513 2667 642 2725 vectum
663 2661 705 2725 ad
724 2662 894 2727 visendum
908 2661 1106 2749 Agrippam

198 2766 314 2830 multas
337 2765 403 2828 illic
429 2766 589 2849 utrimque
618 2765 766 2830 lacrimas
790 2775 822 2832 et
852 2768 944 2851 signa
966 2769 1108 2834 caritatis

198 2890 352 2956 spemque
376 2889 419 2933 ex
448 2890 504 2952 eo,
535 2870 605 2935 fore
635 2876 671 2934 ut
700 2871 827 2936 iuvenis
857 2872 1026 2957 penatibus
1055 2873 1109 2937 avi

197 2975 404 3041 redderetur:
437 2974 524 3058 quod
547 2975 726 3039 Maximum
749 2976 844 3039 uxori
866 2975 1006 3040 Marciae
1030 2997 1107 3062 ape-

197 3082 310 3164 ruisse,
334 3079 423 3143 illam
443 3078 585 3144 Liviae..
610 3100 746 3163 gnarum
769 3079 803 3144 id
828 3078 972 3162 Caesari,
1002 3101 1108 3164 neque

165 3210 189 3247 10
198 3186 299 3249 multo
322 3188 398 3268 post
414 3183 558 3248 extincto
573 3183 727 3265 Maximo,
751 3183 884 3247 dubium
900 3205 940 3247 an
964 3185 1110 3268 quaesita

199 3297 320 3371 morte,
349 3287 477 3352 auditos
504 3288 539 3352 in
567 3287 680 3354 funere
709 3288 779 3353 eius
800 3288 941 3354 Marciae
969 3291 1110 3374 gemitus

199 3397 302 3457 semet
323 3390 508 3473 incusantis,
532 3390 619 3474 quod
636 3412 731 3456 causa
746 3391 837 3457 exitii
857 3392 972 3458 marito
986 3393 1110 3457 fuisset.

199 3503 372 3581 utcumque
400 3517 434 3560 se
467 3515 507 3560 ea
533 3515 586 3559 res
618 3495 747 3576 habuit,
783 3495 917 3559 vixdum
946 3496 1110 3580 ingressus
