2498 4010
303 317 340 356 rs
353 316 479 358 uxonssu
492 316 556 356 nrvr
569 316 697 358 nnausrr
710 316 733 356 11
746 316 831 356 ar-sr.
996 311 1032 368 79

118 498 157 542 ao
187 477 302 542 sitente
332 477 458 561 magnis
485 477 647 559 utrimque
670 475 930 541 contentionibus
952 483 1032 560 aeta,

120 581 182 646 sed
204 603 256 645 res
281 579 409 646 dilatae.

139 731 144 738 -
187 687 239 752 36.
273 685 316 750 Et
345 691 510 751 certamen
543 685 637 751 Gallo
672 685 826 751 adversus
859 685 1032 752 Caesarem

119 799 281 856 exortum.
318 812 394 856 nam
410 791 534 855 sensuit
548 791 581 855 in
596 791 846 876 quinquennium
863 791 1032 874 magistra·

117 902 211 960 tuum
246 895 376 960 comitia
411 893 561 960 habenda
593 903 693 979 utque
725 895 890 980 legionum
922 897 1032 981 legati,
1078 888 1082 896 ’

118 999 272 1084 quiante
294 1003 478 1083 praeturam
509 1020 546 1064 ea
570 999 685 1064 militia
705 999 936 1084 fungebantur,
969 1002 1033 1067 iam

116 1111 187 1168 tum
210 1112 377 1189 praetores
401 1103 655 1187 destinarentur,
678 1106 829 1190 princeps
860 1105 1055 1171 duodecim5

117 1208 308 1274 candidatos
332 1210 373 1272 in
403 1229 504 1273 annos
535 1207 680 1293 singulos
706 1209 899 1275 nominaret.
944 1208 1032 1274 haud

119 1313 252 1377 dubium
274 1318 345 1377 erat
372 1333 443 1377 eam
465 1313 659 1379 sententiam
682 1313 778 1377 altius
799 1320 973 1398 penetrare
1001 1320 1034 1379 et

118 1440 236 1484 areana
264 1417 392 1503 imperii
415 1417 577 1503 temptari.
614 1418 762 1484 Tiberius
786 1423 914 1500 tamen,
943 1419 1034 1504 quasi
1087 1500 1089 1504 ι

119 1529 294 1608 augeretur
315 1527 471 1608 potestas,
496 1521 663 1587 disseruit:
696 1542 795 1607 grave
817 1523 1034 1588 moderationi

118 1649 197 1692 suae
227 1633 277 1692 tot
306 1628 443 1713 eligere,
472 1631 522 1692 tot
545 1625 685 1690 differre.
730 1627 787 1690 rix
809 1649 869 1712 per
890 1628 1034 1712 singulos
1044 1641 1070 1679 1⁰

119 1753 221 1797 annos
241 1733 437 1797 offensiones
452 1731 557 1814 vitari,
574 1731 720 1816 quamvis
729 1733 892 1818 repulsam
901 1735 1033 1819 propin·

120 1859 184 1922 qua
215 1858 290 1922 spes
319 1838 456 1902 soletur:
489 1844 644 1922 quantum
675 1836 741 1901 odii
762 1837 833 1902 fore
855 1837 895 1902 ab
918 1838 958 1902 iis
980 1839 1034 1923 qui

122 1942 206 2007 ultra
237 1942 491 2026 quinquennium
520 1941 729 2026 proiciantur.
779 1940 866 2007 unde
894 1943 1036 2027 prospici

123 2068 217 2133 posse
250 2068 331 2132 quae
365 2048 480 2132 ouique
514 2055 579 2113 tam
611 2048 709 2131 longo
741 2047 898 2133 temporis
929 2049 1034 2133 spatio

122 2171 211 2216 mens
243 2151 358 2216 domus
380 2152 535 2217 fortuna?
574 2152 741 2238 superbire
763 2152 914 2218 homines
938 2154 1036 2217 etiam
1045 2170 1070 2208 1⁵

122 2278 226 2322 annua
257 2258 500 2344 designatione:
530 2241 608 2342 quid
631 2259 659 2322 si
680 2258 839 2324 honorem
861 2280 921 2345 per
944 2259 1035 2344 quin-

122 2362 295 2446 quennium
336 2362 483 2446 agitent?
521 2363 767 2448 quinquiplicari
802 2383 936 2448 prorsus
966 2384 1034 2427 ma·

121 2467 289 2550 gistratus,
320 2467 463 2532 subverti
485 2468 592 2552 leges,
623 2487 706 2552 quae
730 2488 788 2532 sua
810 2469 916 2554 spatia
940 2489 1034 2533 exer-

123 2572 244 2637 cendae
260 2569 505 2637 candidatorum
519 2571 696 2636 industriae
713 2571 970 2656 quaerendisque
981 2578 1036 2637 aut

120 2675 285 2762 potiundis
307 2676 483 2763 honoribus
507 2675 687 2741 statuerint.
723 2675 894 2741 favorabili
913 2677 947 2741 in
962 2697 1071 2761 spe-eo

121 2779 203 2845 aiem
228 2779 373 2844 oratione
396 2782 461 2846 vim
487 2779 615 2864 imperii
638 2763 752 2844 tenuit}

185 2885 238 2949 37.
274 2883 462 2969 Censusque
491 2882 695 2968 quorundam
727 2890 913 2948 senatorum
943 2884 1034 2948 iuvit.

120 3010 184 3075 quo
208 2989 312 3071 magis
334 2989 459 3072 mirum,
483 2987 571 3074 quod
586 3007 701 3072 preoes
716 2987 817 3052 Marsi
832 2987 962 3053 Hortati
977 3009 1034 3052 no·

120 3094 193 3159 bilis
225 3093 352 3159 iuvenis
381 3095 415 3159 in
445 3098 637 3178 paupertate
668 3091 838 3156 manifesta
865 3091 1034 3176 superbius

121 3197 308 3283 aooepisset.
350 3217 454 3282 nepos
484 3197 619 3262 oratoris
648 3196 818 3261 Hortensii
849 3197 986 3261 intentus
1015 3216 1035 3258 a

123 3301 195 3367 divo
220 3301 371 3387 Augusto
393 3301 587 3366 liberalitate
610 3299 741 3364 deoiens
757 3299 898 3365 sestertii
914 3297 1056 3362 duceres

122 3426 269 3489 uxorem,
285 3427 326 3472 ne
341 3405 516 3470 clarissima
524 3404 647 3470 familia
656 3404 913 3487 extingueretur.
935 3401 1033 3485 igitur

124 3515 273 3594 quattuor
294 3510 368 3574 filiis
391 3516 465 3575 ante
488 3510 587 3574 limen
604 3507 711 3574 euriae
727 3506 937 3587 adstantibus,
959 3506 1031 3570 loeo
