2482 4014
219 265 274 322 196
542 269 680 310 coaunnrr
693 269 792 310 rscrrr

184 428 281 492 roiam
304 428 377 491 luce
399 433 524 492 trusere
547 427 580 492 in
604 447 730 492 summa
751 426 891 509 castelli,
920 426 976 490 ubi
997 425 1129 491 tandem

218 536 331 595 coacta
297 529 453 595 tdedit
430 537 487 596 t.10
526 537 559 596 et
576 530 727 616 proxima
749 536 844 615 spont
846 551 865 594 o
831 476 1061 594 tincolerum
1079 552 1130 595 re·

219 643 328 721 cepta:
358 635 508 720 reliquis,
537 655 601 719 quo
632 634 737 698 minus
760 635 793 698 vi
815 640 871 698 aut
857 633 1019 698 tobsidio
1043 635 1130 699 subi·
1217 647 1218 720 t

218 746 388 824 gerentur,
431 745 635 825 praematura
667 738 785 803 montis
818 737 938 802 Haemi
971 742 1005 802 et
1036 759 1133 802 saeva
1217 721 1218 800 i

220 846 323 910 hiems
346 844 505 910 subvenit

285 949 336 1012 52.
368 947 413 1013 At
435 948 561 1013 Romae
592 955 753 1014 commota
775 947 928 1033 principis
951 947 1067 1031 domo,
1099 953 1134 1012 ut
1217 949 1218 1024 l

220 1053 319 1117 series
330 1052 429 1116 futuri
440 1052 697 1138 inAgrippinam
711 1052 802 1117 exitii
812 1051 980 1136 inciperet,
997 1052 1134 1117 Claudia

219 1155 359 1220 Pulchra
371 1155 499 1220 sobrina
510 1156 691 1241 postulatur
701 1162 871 1221 accusante
882 1157 1028 1223 Domitio
1040 1157 1133 1223 Afro.
1217 1179 1218 1272 p

219 1260 246 1322 is
264 1278 379 1324 recens
396 1265 556 1343 praetura,
579 1258 726 1324 modicus
743 1258 938 1342 dignationis
954 1266 988 1325 et
1002 1281 1132 1346 quoquo

201 1364 362 1428 afacinore
384 1383 544 1448 properus
560 1365 749 1448 clarescere,
773 1363 954 1428 adulterum
967 1365 1134 1446 Furnium,

220 1469 377 1534 veneficia
404 1468 438 1532 in
466 1467 645 1553 principem
671 1474 704 1532 et
728 1467 919 1532 devotiones
942 1468 1135 1533 obiectabat.

220 1574 402 1660 Agrippina
417 1594 546 1658 semper
568 1579 673 1656 atrox,
696 1579 814 1637 tumet
833 1572 978 1656 periculo
1001 1573 1134 1659 propin·

222 1701 304 1766 quae
327 1699 473 1760 accensa,
496 1677 604 1762 pergit
627 1675 669 1740 ad
683 1676 849 1741 Tiberium
870 1697 909 1740 ac
930 1676 1014 1740 forto
1037 1677 1134 1742 sacri-

221 1786 370 1850 ficantem
393 1783 477 1868 patri
503 1783 657 1867 repperit.
701 1802 766 1867 quo
790 1782 882 1846 initio
905 1780 1048 1846 invidiae
1071 1803 1134 1846 non

189 1911 213 1950 10
223 1887 370 1954 eiusdem
398 1887 444 1952 ait
472 1892 612 1952 mactare
642 1887 716 1951 divo
746 1886 896 1970 Augusto
925 1879 1075 1952 victimas
1105 1893 1136 1951 et

221 1997 371 2077 posteros
393 1991 554 2056 insectari.
592 2011 658 2054 non
672 1991 706 2054 in
723 1989 846 2074 effigies
864 1997 968 2054 mutas
991 1990 1134 2055 divinum

223 2097 370 2183 spiritum
384 2097 595 2161 transfusum:
620 2116 654 2161 sc
669 2094 844 2180 imaginem
859 2115 979 2178 veram,
1003 2096 1135 2160 caelesti
1217 2089 1218 2112 ¹

222 2201 378 2284 sanguine
403 2205 521 2282 ortam,
544 2198 736 2282 intellegere
759 2198 948 2280 discrimen,
972 2201 1135 2285 suscipere

222 2304 346 2368 sordes.
375 2301 492 2367 frustra
502 2302 676 2367 Pulchram
690 2301 877 2387 praescribi,
897 2302 949 2391 cui
964 2302 1034 2366 sola
1047 2304 1136 2368 exitii

188 2426 319 2472 locausa
353 2408 394 2471 sit
428 2407 516 2493 quod
550 2408 766 2492 Agrippinam
797 2407 895 2472 stulte
929 2428 1062 2492 prorsus
1096 2408 1134 2473 sd

209 2511 344 2578 ,cultum
369 2511 529 2595 delegerit
545 2512 645 2577 oblita
660 2511 772 2576 Sosiae
789 2511 830 2575 ob
847 2511 963 2576 eadem
977 2513 1135 2578 adflictae.

217 2614 333 2678 audita
355 2613 436 2679 haec
453 2636 558 2704 raram
575 2615 694 2681 occulti
707 2616 849 2700 pectoris
863 2636 979 2681 vocem
995 2618 1135 2682 elicuere

223 2724 468 2805 correptamque
493 2718 619 2785 Graeco
649 2740 745 2783 versu
774 2719 943 2784 admonuit
970 2740 1038 2786 non
1060 2721 1133 2786 ideo

222 2821 325 2904 laedi,
355 2823 431 2906 quia
458 2843 526 2887 non
553 2828 713 2906 regnaret.
764 2821 905 2887 Pulchra
934 2830 967 2888 et
996 2824 1134 2896 Furnius

189 2945 214 2984 ao
224 2926 425 2990 damnantur.
477 2925 557 2993 Afer
588 2926 782 3010 primoribus
813 2932 978 2992 oratorum
1007 2927 1133 2993 additus

225 3030 390 3116 divulgato
419 3031 551 3114 ingenio
582 3035 616 3095 et
645 3035 755 3094 secuta
782 3028 1030 3098 adseveratione
1055 3031 1134 3097 an-

225 3135 313 3217 saris,
338 3155 401 3220 qua
423 3156 481 3200 suo
497 3134 567 3200 iure
584 3133 739 3214 disertum
755 3151 830 3195 eum
846 3133 1031 3217 appellavit.
1059 3155 1133 3200 mox

225 3238 454 3325 cappessendis
477 3236 736 3304 accusationibus
751 3241 807 3300 aut
821 3257 896 3301 reos
909 3237 1045 3304 tutando
1060 3258 1132 3324 pro·

225 3344 370 3427 speriore
393 3343 599 3427 eloquentiae
615 3361 710 3426 quam
728 3353 853 3403 morum
876 3341 962 3406 fama
983 3343 1052 3426 fuit,
1073 3341 1133 3406 nisi

191 3473 216 3510 a
226 3444 315 3528 quod
344 3452 431 3510 aetas
462 3452 607 3511 extrema
635 3447 772 3509 multum
800 3446 898 3509 etiam
931 3447 1131 3533 eloquentiae
