2498 4010
217 289 255 345 50
562 294 700 334 CORNELII
714 295 811 334 raom

215 453 313 517 tradit
324 453 359 518 O.
371 454 504 537 Plinius,
523 453 789 520 Germanicorum
804 456 962 521 bellorum
979 458 1125 541 scriptor,

215 559 342 623 stetisse
366 558 452 642 apud
476 559 666 645 principium
690 560 807 644 pontis,
830 561 942 625 laudes
963 567 996 625 et
1018 569 1125 646 grates

180 663 352 727 1orerersis
375 662 557 747 legionibus
575 664 758 729 habentem.
796 666 830 728 id
845 665 963 730 Tiberii
984 667 1126 731 animum

214 769 308 832 altius
330 769 529 852 penetravit:
560 770 734 832 nonenim
762 770 923 855 simplices
947 792 1000 835 eas
1033 793 1124 836 curas

213 894 274 937 111
288 872 442 938 adversus
458 861 609 938 externos
625 874 761 938 militem
777 874 897 958 quaeri.
928 875 1008 938 nihil
1030 875 1124 939 relio-

213 983 282 1041 tum
303 977 567 1061 imperatoribus,
595 977 650 1041 ubi
672 978 793 1041 femina
815 978 996 1063 manipulos
1025 979 1124 1043 inter·

213 1081 304 1163 visat,
327 1080 418 1163 signa
436 1081 541 1164 adeat,
565 1081 769 1173 largitionem
791 1087 938 1165 temptet,
960 1087 1125 1166 tamquam

178 1207 327 1269 raparum
349 1186 518 1250 ambitiose
541 1186 642 1249 filium
667 1185 756 1249 ducis
779 1186 904 1270 gregali
928 1186 1039 1249 habitu
1063 1186 1123 1250 cir·

213 1290 368 1353 oumferat
392 1287 629 1374 Caesaremque
653 1288 832 1372 Caligulam
856 1289 1012 1373 appellari
1035 1290 1124 1354 velit.

211 1396 372 1477 potiorem
402 1395 466 1456 iam
489 1393 575 1479 apud
605 1393 767 1458 exercitus
790 1394 1003 1478 Agrippinam
1027 1415 1123 1478 quarn

210 1500 356 1582 legatos3
390 1518 595 1582 conpressam
625 1519 644 1562 a
671 1498 806 1562 muliere
831 1498 1040 1578 seditionem,
1073 1499 1123 1562 oui

210 1625 330 1668 nomen
351 1602 503 1688 principis
527 1602 682 1666 obsistere
698 1623 763 1666 non
779 1603 928 1687 quiverit.
965 1601 1123 1666 accende·

175 1710 265 1772 cubat
297 1710 378 1772 haec
413 1707 630 1790 onerabatque
662 1707 812 1790 Seianus,
846 1708 963 1792 peritia
992 1728 1121 1770 morum

210 1812 330 1876 Tiberii
355 1811 429 1875 odia
451 1812 485 1875 in
507 1811 639 1894 longum
667 1811 799 1894 1111111,
823 1832 905 1895 quae
928 1809 1124 1875 r'econderet

210 1922 367 2001 auctaque
390 1922 564 2001 promeret.

276 2023 326 2084 70.
359 2019 405 2084 At
429 2020 640 2086 Germanicus
670 2020 850 2102 legionum,
875 2041 953 2104 quas
985 2020 1122 2085 navibus

209 2130 360 2205 vexerat,
393 2122 567 2187 secundam
592 2129 625 2186 et
648 2129 794 2206 quartam
816 2123 983 2188 decumam
1006 2123 1122 2188 itinere

209 2229 352 2292 terrestri
375 2228 412 2291 P.
434 2227 568 2291 Vitellio
594 2226 757 2291 ducendas
786 2225 898 2307 tradit,
929 2247 992 2311 quo
1017 2227 1122 2291 levior

209 2333 317 2398 classis
333 2332 455 2396 vadoso
479 2331 560 2394 mari
582 2333 708 2396 innaret
723 2331 776 2395 vel
797 2331 963 2416 reciproco
987 2330 1121 2395 sideret.

185 2437 359 2502 sVitellius
396 2437 536 2521 primum
565 2437 627 2500 iter
656 2436 740 2500 sicca
777 2435 876 2499 humo
907 2441 962 2498 aut
990 2436 1121 2500 modice

208 2542 379 2606 adlabente
411 2547 502 2604 aestu
533 2540 680 2625 quietum
713 2540 844 2603 habuit:
883 2560 961 2603 mox
992 2539 1122 2622 inpulsu

207 2645 381 2728 aquilonia,
406 2645 500 2708 simul
523 2644 629 2708 sidere
654 2643 864 2727 aequinoctii,
891 2663 954 2726 quo
979 2643 1119 2707 maxime

206 2751 357 2812 tumescit
374 2747 532 2830 Oceanus,
555 2748 625 2831 rapi
648 2749 765 2831 agique
788 2768 915 2831 agmen.
957 2752 989 2811 et
1006 2749 1119 2834 opple-

206 2852 322 2915 bantur
350 2859 472 2916 terrae:
507 2851 622 2915 eadem
644 2852 727 2915 freto
758 2851 845 2914 litori
872 2851 991 2937 campis
1021 2851 1119 2917 facies

172 2974 311 3038 luneque
329 2954 467 3018 discerni
489 2961 641 3039 poterant
663 2956 786 3020 incerta
801 2956 841 3019 ab
862 2955 983 3034 solidis,
1007 2956 1120 3022 brevia

207 3058 417 3143 aprofundia
453 3065 637 3138 sternuntur
652 3058 810 3140 fluctibus,
833 3059 1024 3124 hauriuntur
1042 3083 1119 3145 gur·

206 3164 338 3247 gitibus3
363 3164 516 3244 iumenta,
534 3164 688 3244 sarcinae,
705 3183 840 3246 corpora
856 3164 1004 3227 exanima
1019 3164 1119 3228 inter·

204 3268 317 3351 fluunt,
342 3273 519 3330 occursant.
550 3268 784 3351 permiscentur
801 3268 885 3332 inter
901 3290 936 3333 se
952 3270 1118 3354 manipuli,

206 3370 303 3434 modo
336 3378 469 3454 pectore
503 3370 600 3433 modo
635 3391 690 3435 ore
718 3376 812 3434 tenus
842 3378 1025 3454 exstantes,
1060 3373 1116 3436 ali·

172 3498 198 3534 15
208 3472 335 3554 quando
366 3473 526 3536 subtracto
559 3473 627 3536 solo
653 3472 779 3537 disiecti
807 3479 862 3536 1111
890 3475 1005 3540 obruti.
1051 3499 1116 3540 nou
