2482 4014
294 317 331 356 AB
345 315 471 356 EXCESSU
484 315 549 355 DIVI
562 313 690 355 AUGUSTI
702 313 734 352 1v
749 311 834 352 72-74.
966 307 1020 364 211

110 493 190 538 mox
213 479 414 558 compertum
436 479 619 557 nongentos
632 472 856 537 Romanorum
871 470 958 556 apud
973 473 1022 535 lu-

113 600 188 643 cum
202 598 300 662 quem
314 577 535 642 Baduhennae
550 581 670 641 vocant
684 597 794 660 pugna
808 575 842 638 iu
857 580 1022 660 posterum

111 688 259 750 extracta
281 681 445 746 confectos
461 681 605 745 stabam
623 680 934 765 quadringentorum
955 701 1035 756 mc·¹

112 809 191 854 num
221 792 378 872 occupata
401 784 603 870 Cruptorigis
632 784 796 868 quondam
823 784 1023 870 stipendiarii

111 893 198 971 villa,
222 897 394 976 postquam
416 889 557 974 proditio
579 888 792 972 metuebatur,
815 888 935 952 mutuis
951 889 1057 952 icti-³0

110 997 171 1060 bus
193 994 412 1080 procubuisse.

178 1103 229 1165 74.
260 1099 393 1164 Clarum
429 1097 504 1162 inde
541 1097 625 1162 inter
663 1099 844 1164 Germanos
882 1096 1020 1161 Frisium

110 1226 240 1287 nomen,
264 1204 484 1268 dissimulante
499 1202 630 1269 Tiberio
648 1202 774 1285 damna,
790 1203 885 1268 necui
899 1202 1019 1267 bellum

110 1311 320 1396 permitteret.
364 1329 470 1393 neque
493 1313 607 1372 senatu
630 1329 721 1391 cura,
751 1328 791 1372 an
814 1307 942 1391 imperii
964 1329 1022 1372 ex-

109 1421 214 1478 trema
245 1411 551 1476 dehonestarentur:
581 1432 683 1496 pavor
710 1412 854 1477 internus
885 1433 1022 1498 occupa-

110 1526 203 1585 verat
215 1518 401 1601 animusque
413 1516 598 1581 adulatione
609 1515 832 1600 quaerebatur.
856 1515 1045 1601 taquam-⁵

111 1643 207 1707 quam
236 1620 371 1686 diversis
400 1641 497 1704 super
525 1621 623 1684 rebus
646 1619 905 1700 consulerentur,
935 1640 1022 1684 aram

113 1724 323 1805 Clementiae,
334 1744 421 1789 arem
431 1722 602 1788 Amicitiae
613 1723 800 1809 effigiesque
813 1723 931 1788 circum
940 1724 1022 1788 Cae-

112 1827 192 1892 saris
215 1848 252 1891 ac
266 1825 376 1892 Seiani
399 1846 553 1891 censuere
570 1828 754 1911 crebrisque
770 1827 918 1912 precibus
935 1827 1021 1892 effla-

111 1931 256 2017 gitabant
279 1931 405 1998 visendi
429 1931 555 2016 copiam
573 1931 726 1996 facerent.
764 1953 829 1998 non
852 1932 899 1998 illi
913 1940 1022 1997 tamen

111 2037 144 2102 in
159 2035 274 2100 urbem
289 2041 344 2100 aut
359 2035 540 2120 propinqua
554 2035 626 2102 urbi
642 2035 804 2118 degressi:
826 2037 903 2100 satis
918 2036 1022 2101 visum
1033 2057 1057 2095 lo

113 2140 262 2208 omittere
285 2139 422 2204 insulam
438 2145 471 2203 et
486 2139 519 2202 in
535 2139 683 2224 proximo
702 2139 896 2222 Campaniae
912 2140 1021 2224 aspici.

110 2245 223 2310 venire
249 2249 367 2328 patres,
391 2243 533 2328 equites,
556 2263 673 2327 magna
695 2265 769 2328 pers
791 2244 912 2328 plebis,
936 2245 1023 2309 anxii

113 2368 192 2432 erga
206 2347 368 2428 Seianum,
392 2348 482 2412 cuius
505 2345 616 2411 durior
631 2368 823 2432 congressus
845 2353 942 2433 atque
965 2369 1024 2433 per

112 2451 269 2518 ambitum
284 2456 317 2518 et
333 2452 487 2516 societate
504 2451 712 2516 consiliorum
726 2451 908 2537 parabatur.
947 2454 1023 2517 satis

112 2554 280 2620 constabat
312 2561 438 2620 auctam
466 2555 691 2640 adrogantiam
719 2556 853 2622 foedum
881 2557 962 2622 illud
990 2559 1024 2622 in
1034 2579 1059 2616 rs

112 2659 282 2745 propatulo
296 2661 462 2726 servitium
475 2662 649 2744 spectanti3
670 2661 790 2745 quippe
801 2661 927 2727 Romae
940 2662 1024 2727 sueti

113 2763 273 2828 discursus
291 2772 323 2828 et
333 2762 554 2847 magnitudine
565 2765 654 2828 urbis
666 2764 822 2830 incertum
837 2766 924 2849 quod
937 2765 1022 2849 quis-

112 2886 175 2950 que
206 2864 248 2928 ad
276 2867 442 2949 negotium
466 2873 596 2950 pergat:
626 2867 671 2932 ibi
700 2887 814 2953 campo
845 2877 900 2933 aut
928 2869 1023 2935 litore

115 2971 258 3036 iacentes
287 2970 376 3034 nullo
406 2969 589 3036 discrimine
612 2976 740 3035 noctem
764 2993 802 3036 ac
824 2971 911 3037 diem
933 2972 1023 3036 iuxta

111 3074 249 3158 gratiam
264 3080 319 3139 aut
332 3074 433 3138 fastus
445 3074 617 3138 ianitorum
629 3075 902 3159 perpetiebantur,
919 3072 1058 3142 donecso

111 3179 144 3246 id
161 3199 290 3263 quoque
304 3179 457 3243 vetitum:
482 3184 515 3242 et
529 3199 685 3243 revenere
705 3178 739 3242 in
761 3178 875 3242 urbem
894 3177 1023 3261 trepidi,

112 3304 194 3368 quos
209 3304 275 3350 non
289 3302 449 3363 sermone,
465 3303 531 3347 non
546 3283 617 3347 visu
634 3282 783 3365 dignatus
800 3286 877 3363 erat,
894 3280 1023 3365 quidam

111 3387 196 3452 male
227 3387 365 3469 alacres,
395 3387 510 3471 quibus
540 3388 698 3452 infaustae
727 3385 886 3452 amicitiae
916 3387 1024 3470 gravis

113 3492 220 3556 exitus
238 3491 424 3557 inminebat.
