2444 4010
267 291 304 330 ΑΒ
317 290 443 331 excussu
456 292 522 331 mvr
534 291 662 332 ruerem
674 291 706 330 Ν
719 292 790 332 9-12.
929 287 984 346 167

72 449 208 532 gressu?
231 448 307 532 quin
326 447 433 533 potius
449 449 629 514 ministrum
644 450 760 514 veneni
777 451 986 532 excruciaret,

72 559 236 618 auctorem
261 554 455 636 exquireret,
478 553 573 618 insita
596 555 734 639 denique
757 555 856 620 etiam
878 555 912 618 in
927 577 985 620 ex-

71 647 201 723 traneos
224 661 427 724 cunctatione
450 666 483 724 et
504 681 596 724 mora
618 660 790 724 adversum
808 659 938 724 unicum
954 667 987 724 et

73 765 190 828 nullius
213 770 289 829 anta
311 765 424 848 flagitii
440 771 628 850 conpertum
644 765 812 830 uteretur?
838 763 897 829 sed
913 766 986 849 quia

72 870 205 934 Seianus
220 861 400 936 facinorum
416 871 559 935 omnium
574 879 722 955 repertor
737 869 926 949 habebatur,
944 889 987 933 ex
997 893 1021 932 ιο

71 976 168 1040 nimia
197 975 329 1040 caritate
358 976 391 1039 in
421 996 495 1040 cum
519 975 664 1040 Caesaris
692 979 725 1038 et
748 978 931 1038 ceterorum
953 973 986 1036 in

70 1085 241 1164 utrumque
267 1079 341 1142 odio
365 1080 510 1164 quamvis
530 1078 677 1144 fabulosa
700 1084 734 1142 et
748 1078 900 1142 immania
917 1097 984 1141 cre·
1027 1065 1031 1074 ’

72 1182 245 1265 debentur,
274 1183 431 1248 atrociore
461 1204 588 1268 semper
609 1183 693 1248 fama
717 1202 794 1266 erga
817 1181 985 1246 dominan-

71 1287 151 1374 tium
174 1288 290 1352 exitus.
332 1287 412 1354 ordo
436 1287 556 1372 alioqui
579 1287 711 1353 sceleris
734 1307 794 1371 per
814 1285 986 1370 Apicatam

71 1391 234 1476 proditur,
262 1393 432 1458 tormentis
454 1391 594 1457 Eudemi
617 1413 655 1455 ac
677 1391 783 1476 Lygdi
807 1391 986 1476 patefactus
996 1411 1021 1451 1⁶

73 1503 132 1561 est.
168 1516 274 1579 neque
290 1497 457 1581 quisquam
478 1497 614 1581 scriptor
629 1502 695 1560 tam
710 1496 852 1561 infensus
869 1497 985 1578 extitit,

71 1607 105 1662 ut
119 1598 249 1666 Tiberio
267 1601 453 1684 obiectaret‚
471 1624 541 1666 curn
560 1603 667 1667 omnia
682 1602 745 1666 alia
761 1602 987 1686 conquirerent

70 1703 349 1789 intenderentque.
394 1706 472 1769 mihi
504 1705 653 1771 tradendi
682 1704 902 1791 arguendique
932 1728 985 1770 ru-

71 1809 170 1872 moris
203 1830 298 1874 causa
328 1811 404 1894 fuit,
435 1817 471 1875 ut
503 1811 587 1876 claro
618 1811 677 1875 sub
707 1811 859 1893 exemplo
890 1809 986 1875 falsas

72 1912 254 1977 auditiones
279 1913 477 1999 depellerem
495 1921 705 1999 peteremque
722 1914 827 1997 abiis,
850 1935 1021 1998 quorumro

9 2043 12 2054 ·
72 2017 105 2080 in
127 2037 241 2080 manus
265 2038 340 2082 cura
362 2015 472 2082 nostia
494 2019 628 2101 venerit,
652 2018 817 2100 divulgata
834 2039 876 2082 ne
892 2016 986 2081 avide

71 2128 205 2206 accepta
226 2122 312 2186 reris
334 2142 439 2206 neque
462 2122 495 2185 in
517 2121 706 2186 miraculum
723 2121 881 2205 corruptis
897 2129 984 2185 ante·

72 2226 223 2291 habeant.
904 2305 907 2310 .

139 2317 190 2393 12'.
221 2328 372 2394 Getarum
403 2329 555 2394 laudante
584 2329 685 2394 tilium
714 2351 774 2414 pro
797 2329 910 2394 rostris
932 2329 985 2394 Ti-

72 2433 161 2498 berio
186 2440 316 2498 senatus
344 2436 548 2519 populusque
577 2433 723 2498 habitum
747 2455 784 2498 ac
806 2455 904 2499 voces
928 2435 1005 2501 do»

72 2537 197 2603 lentum
224 2537 429 2603 simulatione
459 2539 562 2622 magis
585 2558 681 2622 quam
705 2538 809 2620 libens
832 2538 987 2604 induebat

71 2641 269 2727 domumque
295 2643 479 2708 Germanici
509 2643 705 2708 revirescere
737 2643 855 2708 occulti
884 2645 984 2708 laeta-

71 2746 197 2810 bantur.
236 2746 324 2831 quod
345 2747 538 2832 principium
560 2747 680 2812 favoris
699 2753 732 2812 et
746 2751 849 2812 mater
864 2745 1007 2832 Agrip-c

70 2849 149 2934 pina
177 2870 269 2935 spem
296 2851 380 2915 male
409 2858 524 2933 tegens
547 2850 724 2934 perniciem
748 2849 986 2915 adceleravere.

69 2974 145 3018 nam
175 2952 311 3019 Seianus
341 2955 396 3020 ubi
429 2954 518 3018 videt
550 2962 689 3019 mortem
720 2954 818 3018 Drusi
851 2955 987 3018 inultam

68 3058 339 3143 interfectoribus,
363 3061 431 3124 sine
454 3080 602 3124 maerore
626 3059 755 3145 publico
781 3079 869 3141 esse,
892 3059 986 3124 ferox

71 3163 231 3228 scelerum
263 3169 296 3229 et
326 3164 401 3249 quia
431 3164 535 3249 prima
567 3167 803 3248 provenerant,
837 3161 985 3226 volutare

71 3289 182 3333 secum
211 3291 351 3354 quonam
379 3269 477 3334 modo
503 3269 687 3335 Germanici
709 3267 829 3332 liberos
852 3286 1019 3352 parrer-10

70 3377 163 3455 teret,
188 3395 324 3458 quorum
341 3396 407 3439 nou
424 3374 521 3440 dubia
540 3374 712 3440 successio.
749 3392 855 3456 neque
877 3372 985 3456 spargi

71 3497 230 3543 venenum
258 3480 292 3545 in
318 3487 383 3546 tres
406 3485 534 3565 poterat
556 3478 690 3576 egregia
714 3476 884 3540 custodum
907 3476 984 3541 fide.
