2444 4010
319 323 357 363 AB
371 321 497 364 EXOESSU
509 322 575 363 DIVI
588 323 715 366 AUGUSTI
729 324 760 364 1v
774 324 857 364 18-20.
936 319 992 378 173

83 486 109 548 si
131 484 356 550 defensionem
385 489 566 569 coaptaret,
599 505 665 549 non
696 485 877 550 occultante
903 485 1028 551 ouiusrc

81 589 128 655 ira
144 595 358 674 premeretur,
379 588 575 654 conscientia
596 589 675 654 belli
688 588 836 654 Sacrovir
851 588 907 654 diu
924 588 988 654 dis-

83 693 256 776 simulatus,
279 694 414 758 victoria
436 715 496 779 per
517 694 683 759 avaritiam
705 693 837 759 foedata
860 699 892 758 et
909 715 993 758 uxor

82 796 174 861 Sosia
188 797 417 880 arguebantur.
454 817 515 861 nec
538 797 634 862 dubie
656 797 909 884 repetundarum
932 799 992 863 cri-

82 902 220 967 minibus
242 901 434 983 haerebant,
462 901 519 966 sed
544 908 658 967 cuncta
679 902 868 986 quaestione
890 903 991 966 maie-

81 1007 172 1070 statis
195 1006 339 1072 exercita
362 1012 394 1070 et
409 1001 505 1070 Silius
519 1005 738 1070 imminentem
756 1005 1026 1072 damnationemco

81 1111 262 1177 voluntario
283 1113 347 1176 fine
370 1110 555 1196 praevertit.

147 1217 200 1279 20.
231 1213 397 1280 Saevitum
418 1220 527 1279 tamen
549 1215 583 1279 in
604 1215 706 1297 bona,
730 1236 795 1280 non
816 1222 853 1279 ut
873 1216 992 1302 stipen-

81 1321 191 1386 diariis
212 1321 368 1406 pecuniae
387 1319 611 1403 redderentur,
633 1341 769 1405 quorum
785 1341 882 1385 nemo
897 1341 992 1405 repe·

81 1427 189 1508 tebet,
213 1425 271 1490 sed
293 1425 470 1490 liberalitas
492 1423 633 1510 Augusti
656 1426 779 1508 avulsa,
811 1427 992 1512 conputatis

81 1529 269 1614 singillatim
297 1529 478 1618 quaewfisco
502 1531 707 1613 petebantur.
751 1551 791 1595 ea
813 1530 916 1616 prima
938 1529 992 1596 Ti-

81 1633 173 1698 berio
202 1652 281 1717 erga
308 1634 478 1718 pecuniam
508 1636 647 1699 alienam
677 1635 856 1720 diligentia.
901 1634 1015 1700 sosias

81 1738 116 1802 in
148 1737 281 1802 exilium
304 1737 444 1823 'pellitur
473 1736 579 1804 Asinii
615 1739 701 1805 Galli
731 1740 907 1822 sententia,
940 1739 994 1822 qui

81 1849 210 1926 partem
238 1843 407 1908 bonorum·
429 1842 675 1928 publicandam,
713 1863 787 1929 pars
818 1848 854 1906 ut
884 1841 994 1906 liberis

81 1947 320 2031 relinqueretur
336 1956 514 2013 censuerat.
545 1953 657 2012 contra
672 1946 727 2013 Μ’.
743 1946 885 2032 Lepidus
902 1967 995 2031 quar-

82 2058 151 2115 tam
166 2050 603 2116 accusatoribussccundum
616 2052 887 2117 necessitudinem
902 2051 995 2135 legis,

83 2162 194 2220 cetera
215 2151 330 2219 liberis
348 2155 517 2221 concessit.
552 2155 638 2220 huno
660 2177 722 2241 ego
737 2155 899 2241 Lepidum
913 2160 995 2220 tem·
1006 2174 1032 2215 ιο

82 2259 218 2344 poribus
246 2259 315 2324 illis·
339 2280 472 2346 gravem
501 2267 534 2325 et
556 2260 736 2346 sapientem
764 2259 869 2324 virum
896 2259 995 2324 fuisse

84 2362 282 2448 comperior:
305 2383 379 2427 nam
401 2363 556 2449 pleraque
579 2365 619 2428 ab
635 2364 741 2428 saevis
756 2363 995 2429 adulationibus

83 2467 223 2535 aliorum
245 2466 279 2530 in
294 2466 415 2531 melius
436 2467 537 2533 flexit.
576 2487 682 2551 neque
704 2476 814 2532 tamen
835 2475 996 2553 tempera·

85 2570 188 2635 menti
203 2570 341 2656 egebat,
354 2591 427 2635 oum
449 2570 610 2656 aequabili
633 2571 825 2637 auctoritate
842 2578 875 2638 et
893 2574 997 2658 gratia

85 2672 173 2760 apud
201 2673 365 2739 Tiberium
389 2672 544 2758 riguerit.
590 2675 676 2740 uude
696 2675 856 2742 'dubitare
888 2691 1033 2762 cogor,1⁶

84 2780 151 2842 lato
176 2785 209 2843 et
228 2785 316 2844 sorte
338 2778 507 2862 nascendi,
530 2785 567 2843 ut
587 2779 728 2864 reliqua,
750 2781 797 2845 ita
819 2781 999 2868 principum

85 2882 249 2948 inclinatio
272 2884 306 2947 in
328 2881 398 2964 hos,
421 2881 557 2948 offensio
581 2881 615 2946 in
636 2882 726 2965 illos,
750 2904 791 2947 an
813 2884 855 2948 sit
877 2884 1000 2969 aliquid

85 2986 119 3051 in
131 2987 253 3051 nostris
269 2986 410 3050 consiliis
424 2985 584 3070 liceatque
599 2986 684 3050 inter
699 2986 870 3073 abruptam
886 2996 997 3053 contu-

87 3089 223 3154 maciam
253 3094 286 3154 et
308 3087 452 3154 deforme
477 3087 666 3174 obsequium
686 3110 824 3174 pergere
847 3090 910 3156 iter
932 3113 1000 3156 am·

88 3193 211 3258 bitione
235 3212 278 3256 ao.
294 3191 444 3276 periculis
462 3212 610 3257 vacuum.
643 3198 677 3256 at
691 3194 886 3274 Messalinus
905 3195 1036 3260 Oottaso

88 3295 177 3361 haud
197 3295 302 3359 minus
325 3295 419 3359 claris
439 3295 623 3379 maioribus,
647 3295 705 3360 sed
721 3297 827 3362 auimo
846 3297 1002 3380 diversus,

90 3398 215 3465 censuit
236 3399 416 3464 cavendum
438 3403 569 3462 senatus
592 3400 739 3465 consulto
758 3406 795 3465 ut
812 3422 1004 3486 quamquam

89 3504 234 3569 insontes
256 3505 462 3588 magistratus
486 3511 519 3568 et
535 3503 650 3589 culpae
672 3503 798 3570 alienae
814 3506 915 3570 nescii
930 3527 1006 3590 pro·
