2444 4010
192 261 249 318 102
523 263 662 306 111111111
675 263 773 303 111111

190 426 247 491 bat
263 425 429 512 persuasio
445 422 732 489 19111111Ρ111111
748 420 888 504 eccepti3
914 426 947 485 et
961 420 1102 506 reperie-

189 531 306 598 bantur
327 530 397 594 solo
422 550 459 593 ae
480 527 657 614 perietibus
680 531 791 592 erutae
807 525 1020 591 humanorum
1036 546 1104 590 cor·

155 655 306 720 asperum
328 634 493 719 reliquiae,
518 633 659 698 carmina
681 638 714 696 11
731 630 921 694 devotiones
938 637 971 696 et
985 651 1103 695 nomen

192 738 378 805 Germanici
406 737 567 823 plumbeis
596 736 716 800 tabulis
737 736 948 821 insculptum,
971 736 1104 800 semusti

192 843 316 907 eineres
340 863 376 906 ae
399 841 474 906 tabo
501 840 592 904 obliti
614 840 741 925 aliaque
763 839 919 922 malefice,
943 841 1013 924 quis
1036 860 1105 905 cre-

191 945 278 1010 ditur
309 945 431 1010 animas
463 944 648 1009 numinibus
677 943 808 1010 infernis
838 943 965 1022 sacrari,
1011 943 1107 1007 simul

190 1050 280 1114 missi
310 1050 472 1114 aPisone
501 1048 730 1115 incusabantur
758 1056 794 1114 ut
824 1048 1020 1114 valetudinis
1048 1048 1106 1114 ad-

155 1176 284 1224 aoversa
305 1155 471 1233 rimantes.

257 1261 309 1326 70.
331 1261 381 1325 Ea
403 1259 596 1326 Germaniae
619 1257 707 1324 haud
731 1258 836 1324 minus
858 1260 906 1324 ira
929 1279 1026 1343 quam
1048 1281 1109 1344 per

189 1369 312 1428 metum
342 1370 484 1450 accepta.
530 1365 557 1428 si
579 1361 679 1428 limen
703 1362 922 1446 obsideretur,
951 1363 979 1427 si
1003 1364 1108 1428 effun-

191 1467 315 1532 dendus
338 1468 468 1552 spiritus
492 1468 550 1532 sub
575 1467 677 1531 oculis
695 1467 897 1531 inimieorum
912 1466 1005 1550 foret,
1029 1466 1108 1552 quid

191 1571 309 1638 deinde
332 1570 531 1637 miserrimae
550 1572 690 1655 coniugi,
714 1572 792 1657 quid
806 1572 981 1637 infantibus
995 1572 1110 1638 liberis

169 1677 404 1741 serenturum?
437 1677 525 1741 lenta
555 1675 659 1740 videri
687 1677 861 1741 veneficia:
893 1676 1048 1741 festinare
1076 1683 1110 1741 et

189 1801 322 1866 urgere,
345 1785 382 1844 11
404 1779 617 1865 provinciam,
640 1783 676 1842 ut
697 1779 844 1864 legiones
866 1779 956 1843 solus
978 1779 1110 1844 hebeat.

190 1883 249 1948 sed
278 1905 343 1948 non
371 1905 473 1968 usque
497 1905 536 1948 eo
561 1881 725 1946 defectum
749 1883 977 1948 Germanicum
1000 1903 1112 1967 neque

190 1989 335 2073 praemia
349 1986 457 2053 caedis
472 1984 559 2071 apud
571 1985 813 2051 interfectorem
826 2006 985 2051 mansuro.
1019 2007 1111 2051 com·
1208 2026 1213 2035 ·

190 2092 281 2174 ponit
313 2091 485 2177 epistulas,
516 2091 587 2174 quis
619 2091 792 2156 amicitiam
823 2091 855 2155 ei
884 2091 1110 2157 renuntiabat:

155 2195 313 2261 1oaddunt
335 2197 482 2281 plerique
504 2195 626 2259 iussum
649 2195 815 2280 provincie
838 2195 1008 2260 decedere.
1046 2215 1112 2261 nec

189 2301 267 2367 Piso
297 2308 441 2366 moratus
469 2303 553 2366 ultra
578 2301 671 2367 11111
694 2301 791 2365 solvit
813 2299 1112 2384 moderabaturque

190 2409 313 2488 cursui,
342 2427 405 2491 quo
433 2407 566 2492 propius
588 2405 834 2489 regrederetur,
863 2403 890 2467 si
913 2423 1001 2467 mors
1026 2402 1110 2470 Ger-

189 2509 305 2573 manioi
328 2509 455 2575 Suriam
479 2510 669 2594 aperuisset.

255 2611 452 2678 11011111
481 2613 645 2698 paulisper
674 2612 715 2677 ad
743 2633 835 2698 spem
859 2617 1001 2691 erectus,
1033 2611 1112 2678 dein

188 2714 273 2780 fesso
297 2737 443 2802 corpore,
466 2717 522 2782 ubi
543 2718 614 2782 finis
630 2718 753 2801 aderat,
776 2717 970 2784 adsistentes
986 2717 1112 2784 amicos

187 2820 220 2884 in
242 2821 327 2885 hune
349 2820 483 2886 modum
505 2822 707 2908 adloquitur:
731 2823 769 2906 ,11
790 2824 858 2887 fato
882 2822 1111 2922 concederem,

186 2925 290 2990 iustus
313 2927 393 2991 mihi
409 2926 503 2993 dolor
519 2928 617 2993 etiam
632 2926 786 2992 adversus
802 2927 881 2991 deos
899 2933 993 3010 esset,
1017 2927 1111 3012 quod

163 3052 241 3098 eme
263 3031 451 3116 perentibus
472 3031 582 3096 liberis
598 3032 721 3118 patriae
736 3032 819 3096 intra
834 3031 998 3097 iuventam
1013 3052 1111 3116 prae-

189 3139 315 3199 maturo
346 3134 437 3198 exitu
466 3142 634 3220 raperent:
664 3156 749 3200 nunc
777 3135 899 3200 scelere
922 3135 1052 3201 Pisonis
1078 3142 1113 3200 et

188 3239 364 3304 Plancinae
394 3239 593 3326 interceptus
623 3239 751 3305 ultimas
779 3259 893 3326 preces
922 3240 1112 3324 pectoribus

188 3343 304 3408 vestris
326 3343 491 3426 relinquo:
521 3343 668 3408 referatis
691 3343 774 3429 patri
797 3365 835 3408 11
856 3343 963 3425 fratri,
993 3344 1112 3427 quibus

189 3445 417 3528 acerbitatibus
447 3445 655 3530 dilaceratus,
685 3446 802 3530 quibus
829 3446 952 3512 insidiis
971 3449 1110 3512 eircum-
