<?xml version="1.0" encoding="UTF-8"?>
<!DOCTYPE html PUBLIC "-//W3C//DTD XHTML 1.0 Transitional//EN"
    "http://www.w3.org/TR/xhtml1/DTD/xhtml1-transitional.dtd">
<html xmlns="http://www.w3.org/1999/xhtml" xml:lang="en" lang="en">
 <head>
  <title>
</title>
<meta http-equiv="Content-Type" content="text/html;charset=utf-8" />
  <meta name='ocr-system' content='tesseract 3.04.00' />
  <meta name='ocr-capabilities' content='ocr_page ocr_carea ocr_par ocr_line ocrx_word'/>
</head>
<body>
  <div class='ocr_page' id='page_1' title='image "./annalen01tacigoog_0251.png"; bbox 0 0 2482 4014; ppageno 0'>
   <div class='ocr_carea' id='block_1_1' title="bbox 221 306 802 363">
    <p class='ocr_par' dir='ltr' id='par_1_1' title="bbox 221 306 802 363">
     <span class='ocr_line' id='line_1_1' title="bbox 221 306 802 363; baseline 0.003 -13"><span class='ocrx_word' id='word_1_1' title='bbox 221 306 277 363; x_wconf 82' lang='grc'>238</span> <span class='ocrx_word' id='word_1_2' title='bbox 552 311 690 352; x_wconf 79' lang='lat' dir='ltr'>CORNELII</span> <span class='ocrx_word' id='word_1_3' title='bbox 703 313 802 352; x_wconf 69' lang='lat' dir='ltr'>reem</span> 
     </span>
    </p>
   </div>
   <div class='ocr_carea' id='block_1_2' title="bbox 146 469 1139 3578">
    <p class='ocr_par' dir='ltr' id='par_1_2' title="bbox 185 469 1139 970">
     <span class='ocr_line' id='line_1_2' title="bbox 185 469 1137 555; baseline 0.005 -22"><span class='ocrx_word' id='word_1_4' title='bbox 185 488 211 527; x_wconf 89' lang='lat'>1⁰</span> <span class='ocrx_word' id='word_1_5' title='bbox 221 490 260 534; x_wconf 92' lang='lat' dir='ltr'>ea</span> <span class='ocrx_word' id='word_1_6' title='bbox 275 475 467 554; x_wconf 77' lang='lat' dir='ltr'>tempestate</span> <span class='ocrx_word' id='word_1_7' title='bbox 483 470 658 555; x_wconf 89' lang='lat' dir='ltr'>superioris</span> <span class='ocrx_word' id='word_1_8' title='bbox 672 469 866 535; x_wconf 79' lang='lat' dir='ltr'>Germaniae</span> <span class='ocrx_word' id='word_1_9' title='bbox 881 472 1030 555; x_wconf 79' lang='lat' dir='ltr'>legiones</span> <span class='ocrx_word' id='word_1_10' title='bbox 1045 495 1137 538; x_wconf 89' lang='lat' dir='ltr'>cura-</span> 
     </span>
     <span class='ocr_line' id='line_1_3' title="bbox 219 573 1138 659; baseline 0.004 -21"><span class='ocrx_word' id='word_1_11' title='bbox 219 575 275 638; x_wconf 87' lang='lat' dir='ltr'>bat</span> <span class='ocrx_word' id='word_1_12' title='bbox 306 573 487 659; x_wconf 90' lang='lat' dir='ltr'>mirumque</span> <span class='ocrx_word' id='word_1_13' title='bbox 519 593 662 640; x_wconf 90' lang='lat' dir='ltr'>amorem</span> <span class='ocrx_word' id='word_1_14' title='bbox 690 574 863 639; x_wconf 91' lang='lat' dir='ltr'>adsecutus</span> <span class='ocrx_word' id='word_1_15' title='bbox 890 583 977 657; x_wconf 88' lang='lat' dir='ltr'>erat,</span> <span class='ocrx_word' id='word_1_16' title='bbox 1012 577 1138 642; x_wconf 87' lang='lat' dir='ltr'>effusae</span> 
     </span>
     <span class='ocr_line' id='line_1_4' title="bbox 220 677 1137 767; baseline 0.005 -25"><span class='ocrx_word' id='word_1_17' title='bbox 220 678 427 759; x_wconf 85' lang='lat' dir='ltr'>clementiae,</span> <span class='ocrx_word' id='word_1_18' title='bbox 456 677 602 742; x_wconf 92' lang='lat' dir='ltr'>modicus</span> <span class='ocrx_word' id='word_1_19' title='bbox 625 678 799 744; x_wconf 84' lang='lat' dir='ltr'>severitate</span> <span class='ocrx_word' id='word_1_20' title='bbox 824 685 857 745; x_wconf 92' lang='lat' dir='ltr'>et</span> <span class='ocrx_word' id='word_1_21' title='bbox 879 681 1030 764; x_wconf 84' lang='lat' dir='ltr'>proximo</span> <span class='ocrx_word' id='word_1_22' title='bbox 1054 704 1137 767; x_wconf 87' lang='lat' dir='ltr'>quc-</span> 
     </span>
     <span class='ocr_line' id='line_1_5' title="bbox 221 780 1137 867; baseline 0.008 -22"><span class='ocrx_word' id='word_1_23' title='bbox 221 801 283 865; x_wconf 91' lang='lat' dir='ltr'>que</span> <span class='ocrx_word' id='word_1_24' title='bbox 308 782 465 846; x_wconf 89' lang='lat' dir='ltr'>exercitui</span> <span class='ocrx_word' id='word_1_25' title='bbox 486 802 545 867; x_wconf 90' lang='lat' dir='ltr'>per</span> <span class='ocrx_word' id='word_1_26' title='bbox 567 782 606 845; x_wconf 89' lang='lat' dir='ltr'>L.</span> <span class='ocrx_word' id='word_1_27' title='bbox 621 780 804 866; x_wconf 88' lang='lat' dir='ltr'>Apronium</span> <span class='ocrx_word' id='word_1_28' title='bbox 827 805 977 849; x_wconf 78' lang='lat' dir='ltr'>socerum</span> <span class='ocrx_word' id='word_1_29' title='bbox 1000 806 1068 850; x_wconf 91' lang='lat' dir='ltr'>non</span> <span class='ocrx_word' id='word_1_30' title='bbox 1087 788 1137 852; x_wconf 92' lang='lat' dir='ltr'>in-</span> 
     </span>
     <span class='ocr_line' id='line_1_6' title="bbox 220 885 1139 970; baseline 0.007 -22"><span class='ocrx_word' id='word_1_31' title='bbox 220 893 340 970; x_wconf 89' lang='lat' dir='ltr'>gratus.</span> <span class='ocrx_word' id='word_1_32' title='bbox 385 885 472 950; x_wconf 92' lang='lat' dir='ltr'>unde</span> <span class='ocrx_word' id='word_1_33' title='bbox 501 885 585 950; x_wconf 87' lang='lat' dir='ltr'>fama</span> <span class='ocrx_word' id='word_1_34' title='bbox 615 892 765 950; x_wconf 89' lang='lat' dir='ltr'>constans</span> <span class='ocrx_word' id='word_1_35' title='bbox 795 910 909 953; x_wconf 90' lang='lat' dir='ltr'>ausum</span> <span class='ocrx_word' id='word_1_36' title='bbox 939 889 1070 955; x_wconf 88' lang='lat' dir='ltr'>mittere</span> <span class='ocrx_word' id='word_1_37' title='bbox 1094 890 1139 956; x_wconf 85' lang='lat' dir='ltr'>ad</span> 
     </span>
    </p>

    <p class='ocr_par' dir='ltr' id='par_1_3' title="bbox 186 989 1139 1493">
     <span class='ocr_line' id='line_1_7' title="bbox 186 989 1138 1072; baseline 0.004 -18"><span class='ocrx_word' id='word_1_38' title='bbox 186 989 394 1055; x_wconf 78' lang='lat' dir='ltr'>1⁵ansarem</span> <span class='ocrx_word' id='word_1_39' title='bbox 416 990 555 1072; x_wconf 85' lang='lat' dir='ltr'>litteras,</span> <span class='ocrx_word' id='word_1_40' title='bbox 587 989 784 1056; x_wconf 89' lang='lat' dir='ltr'>adfinitatem</span> <span class='ocrx_word' id='word_1_41' title='bbox 808 1012 882 1056; x_wconf 91' lang='lat' dir='ltr'>cum</span> <span class='ocrx_word' id='word_1_42' title='bbox 905 993 1022 1058; x_wconf 83' lang='lat' dir='ltr'>Seiano</span> <span class='ocrx_word' id='word_1_43' title='bbox 1046 993 1138 1058; x_wconf 88' lang='lat' dir='ltr'>haud</span> 
     </span>
     <span class='ocr_line' id='line_1_8' title="bbox 221 1094 1139 1179; baseline 0.003 -20"><span class='ocrx_word' id='word_1_44' title='bbox 221 1101 336 1178; x_wconf 86' lang='lat' dir='ltr'>sponte</span> <span class='ocrx_word' id='word_1_45' title='bbox 360 1100 526 1179; x_wconf 86' lang='lat' dir='ltr'>coeptam;</span> <span class='ocrx_word' id='word_1_46' title='bbox 550 1094 685 1179; x_wconf 88' lang='lat' dir='ltr'>perinde</span> <span class='ocrx_word' id='word_1_47' title='bbox 709 1116 743 1159; x_wconf 90' lang='lat' dir='ltr'>se</span> <span class='ocrx_word' id='word_1_48' title='bbox 765 1115 861 1179; x_wconf 87' lang='lat' dir='ltr'>quam</span> <span class='ocrx_word' id='word_1_49' title='bbox 877 1096 1044 1162; x_wconf 82' lang='lat' dir='ltr'>Tiberium</span> <span class='ocrx_word' id='word_1_50' title='bbox 1068 1097 1139 1162; x_wconf 89' lang='lat' dir='ltr'>falli</span> 
     </span>
     <span class='ocr_line' id='line_1_9' title="bbox 220 1198 1137 1283; baseline 0.007 -23"><span class='ocrx_word' id='word_1_51' title='bbox 220 1198 363 1283; x_wconf 89' lang='lat' dir='ltr'>potuisse</span> <span class='ocrx_word' id='word_1_52' title='bbox 387 1219 492 1283; x_wconf 86' lang='lat' dir='ltr'>neque</span> <span class='ocrx_word' id='word_1_53' title='bbox 517 1220 661 1265; x_wconf 87' lang='lat' dir='ltr'>errorem</span> <span class='ocrx_word' id='word_1_54' title='bbox 684 1200 824 1267; x_wconf 87' lang='lat' dir='ltr'>eundem</span> <span class='ocrx_word' id='word_1_55' title='bbox 847 1201 894 1265; x_wconf 91' lang='lat' dir='ltr'>illi</span> <span class='ocrx_word' id='word_1_56' title='bbox 918 1201 988 1267; x_wconf 87' lang='lat' dir='ltr'>sine</span> <span class='ocrx_word' id='word_1_57' title='bbox 1008 1200 1137 1283; x_wconf 88' lang='lat' dir='ltr'>fraude,</span> 
     </span>
     <span class='ocr_line' id='line_1_10' title="bbox 220 1301 1138 1390; baseline 0.001 -23"><span class='ocrx_word' id='word_1_58' title='bbox 220 1301 291 1367; x_wconf 90' lang='lat' dir='ltr'>aliis</span> <span class='ocrx_word' id='word_1_59' title='bbox 308 1302 408 1366; x_wconf 88' lang='lat' dir='ltr'>exitio</span> <span class='ocrx_word' id='word_1_60' title='bbox 424 1303 617 1370; x_wconf 86' lang='lat' dir='ltr'>habendum.</span> <span class='ocrx_word' id='word_1_61' title='bbox 647 1304 745 1370; x_wconf 90' lang='lat' dir='ltr'>fidem</span> <span class='ocrx_word' id='word_1_62' title='bbox 760 1305 921 1390; x_wconf 85' lang='lat' dir='ltr'>integram</span> <span class='ocrx_word' id='word_1_63' title='bbox 936 1313 979 1387; x_wconf 91' lang='lat' dir='ltr'>et,</span> <span class='ocrx_word' id='word_1_64' title='bbox 995 1306 1023 1370; x_wconf 92' lang='lat' dir='ltr'>si</span> <span class='ocrx_word' id='word_1_65' title='bbox 1037 1307 1138 1370; x_wconf 91' lang='lat' dir='ltr'>nullis</span> 
     </span>
     <span class='ocr_line' id='line_1_11' title="bbox 221 1405 1137 1493; baseline 0.008 -24"><span class='ocrx_word' id='word_1_66' title='bbox 221 1405 343 1470; x_wconf 83' lang='lat' dir='ltr'>insidiis</span> <span class='ocrx_word' id='word_1_67' title='bbox 373 1412 554 1493; x_wconf 89' lang='lat' dir='ltr'>peteretur,</span> <span class='ocrx_word' id='word_1_68' title='bbox 586 1427 782 1488; x_wconf 83' lang='lat' dir='ltr'>mansuram3</span> <span class='ocrx_word' id='word_1_69' title='bbox 816 1429 1035 1475; x_wconf 89' lang='lat' dir='ltr'>successorem</span> <span class='ocrx_word' id='word_1_70' title='bbox 1067 1430 1137 1476; x_wconf 92' lang='lat' dir='ltr'>non</span> 
     </span>
    </p>

    <p class='ocr_par' dir='ltr' id='par_1_4' title="bbox 186 1508 1137 2015">
     <span class='ocr_line' id='line_1_12' title="bbox 186 1508 1136 1596; baseline 0.007 -25"><span class='ocrx_word' id='word_1_71' title='bbox 186 1508 314 1573; x_wconf 71' lang='lat' dir='ltr'>realiter</span> <span class='ocrx_word' id='word_1_72' title='bbox 337 1529 433 1593; x_wconf 86' lang='lat' dir='ltr'>quam</span> <span class='ocrx_word' id='word_1_73' title='bbox 456 1510 608 1577; x_wconf 90' lang='lat' dir='ltr'>indicium</span> <span class='ocrx_word' id='word_1_74' title='bbox 632 1513 745 1578; x_wconf 88' lang='lat' dir='ltr'>mortis</span> <span class='ocrx_word' id='word_1_75' title='bbox 768 1519 985 1596; x_wconf 89' lang='lat' dir='ltr'>accepturum.</span> <span class='ocrx_word' id='word_1_76' title='bbox 1026 1512 1136 1578; x_wconf 90' lang='lat' dir='ltr'>firma-</span> 
     </span>
     <span class='ocr_line' id='line_1_13' title="bbox 220 1615 1135 1702; baseline 0.004 -26"><span class='ocrx_word' id='word_1_77' title='bbox 220 1619 293 1678; x_wconf 86' lang='lat' dir='ltr'>rent</span> <span class='ocrx_word' id='word_1_78' title='bbox 315 1615 404 1678; x_wconf 89' lang='lat' dir='ltr'>velut</span> <span class='ocrx_word' id='word_1_79' title='bbox 425 1615 550 1696; x_wconf 82' lang='lat' dir='ltr'>foedus,</span> <span class='ocrx_word' id='word_1_80' title='bbox 575 1638 638 1702; x_wconf 91' lang='lat' dir='ltr'>quo</span> <span class='ocrx_word' id='word_1_81' title='bbox 661 1619 811 1701; x_wconf 90' lang='lat' dir='ltr'>princeps</span> <span class='ocrx_word' id='word_1_82' title='bbox 830 1622 1009 1682; x_wconf 90' lang='lat' dir='ltr'>ceterarum</span> <span class='ocrx_word' id='word_1_83' title='bbox 1024 1637 1135 1682; x_wconf 91' lang='lat' dir='ltr'>rerum</span> 
     </span>
     <span class='ocr_line' id='line_1_14' title="bbox 221 1721 1137 1806; baseline 0.008 -27"><span class='ocrx_word' id='word_1_84' title='bbox 221 1723 398 1800; x_wconf 87' lang='lat' dir='ltr'>poteretur,</span> <span class='ocrx_word' id='word_1_85' title='bbox 421 1721 491 1804; x_wconf 89' lang='lat' dir='ltr'>ipse</span> <span class='ocrx_word' id='word_1_86' title='bbox 515 1722 714 1806; x_wconf 86' lang='lat' dir='ltr'>provinciam</span> <span class='ocrx_word' id='word_1_87' title='bbox 737 1723 903 1786; x_wconf 87' lang='lat' dir='ltr'>retineret.</span> <span class='ocrx_word' id='word_1_88' title='bbox 935 1721 1028 1802; x_wconf 87' lang='lat' dir='ltr'>haec,</span> <span class='ocrx_word' id='word_1_89' title='bbox 1052 1723 1137 1786; x_wconf 88' lang='lat' dir='ltr'>mira</span> 
     </span>
     <span class='ocr_line' id='line_1_15' title="bbox 221 1823 1135 1909; baseline 0.007 -25"><span class='ocrx_word' id='word_1_90' title='bbox 221 1842 430 1907; x_wconf 90' lang='lat' dir='ltr'>quamquam,</span> <span class='ocrx_word' id='word_1_91' title='bbox 459 1823 557 1890; x_wconf 89' lang='lat' dir='ltr'>fidem</span> <span class='ocrx_word' id='word_1_92' title='bbox 581 1847 623 1890; x_wconf 87' lang='lat' dir='ltr'>ex</span> <span class='ocrx_word' id='word_1_93' title='bbox 652 1846 690 1890; x_wconf 91' lang='lat' dir='ltr'>eo</span> <span class='ocrx_word' id='word_1_94' title='bbox 715 1824 901 1906; x_wconf 86' lang='lat' dir='ltr'>trahebant,</span> <span class='ocrx_word' id='word_1_95' title='bbox 931 1824 1020 1909; x_wconf 92' lang='lat' dir='ltr'>quod</span> <span class='ocrx_word' id='word_1_96' title='bbox 1048 1846 1135 1890; x_wconf 92' lang='lat' dir='ltr'>unus</span> 
     </span>
     <span class='ocr_line' id='line_1_16' title="bbox 222 1928 1135 2015; baseline 0.004 -26"><span class='ocrx_word' id='word_1_97' title='bbox 222 1928 365 1991; x_wconf 91' lang='lat' dir='ltr'>omnium</span> <span class='ocrx_word' id='word_1_98' title='bbox 381 1928 488 1993; x_wconf 84' lang='lat' dir='ltr'>Seiani</span> <span class='ocrx_word' id='word_1_99' title='bbox 511 1929 662 1995; x_wconf 88' lang='lat' dir='ltr'>adfinium</span> <span class='ocrx_word' id='word_1_100' title='bbox 686 1931 857 1994; x_wconf 90' lang='lat' dir='ltr'>incolumis</span> <span class='ocrx_word' id='word_1_101' title='bbox 876 1931 1039 2015; x_wconf 90' lang='lat' dir='ltr'>multaque</span> <span class='ocrx_word' id='word_1_102' title='bbox 1058 1950 1135 2014; x_wconf 80' lang='lat' dir='ltr'>gra-</span> 
     </span>
    </p>

    <p class='ocr_par' dir='ltr' id='par_1_5' title="bbox 186 2031 1135 2307">
     <span class='ocr_line' id='line_1_17' title="bbox 186 2031 1134 2119; baseline 0.005 -26"><span class='ocrx_word' id='word_1_103' title='bbox 186 2031 265 2094; x_wconf 77' lang='lat' dir='ltr'>astia</span> <span class='ocrx_word' id='word_1_104' title='bbox 287 2033 420 2113; x_wconf 89' lang='lat' dir='ltr'>mansit,</span> <span class='ocrx_word' id='word_1_105' title='bbox 452 2039 622 2119; x_wconf 87' lang='lat' dir='ltr'>reputante</span> <span class='ocrx_word' id='word_1_106' title='bbox 652 2035 782 2100; x_wconf 84' lang='lat' dir='ltr'>Tiberio</span> <span class='ocrx_word' id='word_1_107' title='bbox 813 2034 978 2119; x_wconf 91' lang='lat' dir='ltr'>publicum</span> <span class='ocrx_word' id='word_1_108' title='bbox 1008 2033 1134 2117; x_wconf 91' lang='lat' dir='ltr'>odium,</span> 
     </span>
     <span class='ocr_line' id='line_1_18' title="bbox 221 2133 1135 2224; baseline 0.003 -24"><span class='ocrx_word' id='word_1_109' title='bbox 221 2141 399 2202; x_wconf 87' lang='lat' dir='ltr'>extremam</span> <span class='ocrx_word' id='word_1_110' title='bbox 423 2133 563 2203; x_wconf 81' lang='lat' dir='ltr'>aetatem</span> <span class='ocrx_word' id='word_1_111' title='bbox 580 2139 747 2224; x_wconf 86' lang='lat' dir='ltr'>magisque</span> <span class='ocrx_word' id='word_1_112' title='bbox 771 2139 857 2202; x_wconf 87' lang='lat' dir='ltr'>fama</span> <span class='ocrx_word' id='word_1_113' title='bbox 879 2159 973 2223; x_wconf 88' lang='lat' dir='ltr'>quam</span> <span class='ocrx_word' id='word_1_114' title='bbox 995 2140 1029 2202; x_wconf 84' lang='lat' dir='ltr'>vi</span> <span class='ocrx_word' id='word_1_115' title='bbox 1047 2146 1135 2203; x_wconf 87' lang='lat' dir='ltr'>stare</span> 
     </span>
     <span class='ocr_line' id='line_1_19' title="bbox 219 2262 376 2307; baseline 0.019 -3"><span class='ocrx_word' id='word_1_116' title='bbox 219 2262 271 2305; x_wconf 91' lang='lat' dir='ltr'>res</span> <span class='ocrx_word' id='word_1_117' title='bbox 294 2264 376 2307; x_wconf 88' lang='lat' dir='ltr'>suas.</span> 
     </span>
    </p>

    <p class='ocr_par' dir='ltr' id='par_1_6' title="bbox 219 2347 1134 2640">
     <span class='ocr_line' id='line_1_20' title="bbox 306 2347 1133 2415; baseline 0.004 -7"><span class='ocrx_word' id='word_1_118' title='bbox 306 2347 357 2410; x_wconf 85' lang='lat'>31.</span> <span class='ocrx_word' id='word_1_119' title='bbox 391 2347 427 2412; x_wconf 84' lang='lat' dir='ltr'>O.</span> <span class='ocrx_word' id='word_1_120' title='bbox 447 2348 554 2415; x_wconf 83' lang='lat' dir='ltr'>Oestic</span> <span class='ocrx_word' id='word_1_121' title='bbox 571 2350 616 2414; x_wconf 90' lang='lat' dir='ltr'>M.</span> <span class='ocrx_word' id='word_1_122' title='bbox 633 2349 770 2415; x_wconf 84' lang='lat' dir='ltr'>Servilio</span> <span class='ocrx_word' id='word_1_123' title='bbox 795 2347 979 2414; x_wconf 89' lang='lat' dir='ltr'>consulibus</span> <span class='ocrx_word' id='word_1_124' title='bbox 1002 2347 1133 2413; x_wconf 89' lang='lat' dir='ltr'>nobiles</span> 
     </span>
     <span class='ocr_line' id='line_1_21' title="bbox 219 2448 1134 2538; baseline 0.004 -25"><span class='ocrx_word' id='word_1_125' title='bbox 219 2448 332 2513; x_wconf 88' lang='lat' dir='ltr'>Parthi</span> <span class='ocrx_word' id='word_1_126' title='bbox 359 2451 393 2514; x_wconf 93' lang='lat' dir='ltr'>in</span> <span class='ocrx_word' id='word_1_127' title='bbox 417 2453 529 2517; x_wconf 87' lang='lat' dir='ltr'>urbem</span> <span class='ocrx_word' id='word_1_128' title='bbox 561 2474 680 2518; x_wconf 88' lang='lat' dir='ltr'>venere</span> <span class='ocrx_word' id='word_1_129' title='bbox 712 2453 825 2536; x_wconf 86' lang='lat' dir='ltr'>ignaro</span> <span class='ocrx_word' id='word_1_130' title='bbox 851 2473 930 2538; x_wconf 88' lang='lat' dir='ltr'>rege</span> <span class='ocrx_word' id='word_1_131' title='bbox 953 2450 1134 2517; x_wconf 85' lang='lat' dir='ltr'>Artabano.</span> 
     </span>
     <span class='ocr_line' id='line_1_22' title="bbox 219 2553 1134 2640; baseline 0.008 -25"><span class='ocrx_word' id='word_1_132' title='bbox 219 2553 247 2616; x_wconf 90' lang='lat' dir='ltr'>is</span> <span class='ocrx_word' id='word_1_133' title='bbox 269 2560 359 2618; x_wconf 88' lang='lat' dir='ltr'>metu</span> <span class='ocrx_word' id='word_1_134' title='bbox 383 2555 566 2622; x_wconf 80' lang='lat' dir='ltr'>Germanici</span> <span class='ocrx_word' id='word_1_135' title='bbox 588 2557 671 2622; x_wconf 91' lang='lat' dir='ltr'>fidus</span> <span class='ocrx_word' id='word_1_136' title='bbox 692 2557 864 2638; x_wconf 90' lang='lat' dir='ltr'>Romanis,</span> <span class='ocrx_word' id='word_1_137' title='bbox 897 2555 1074 2640; x_wconf 81' lang='lat' dir='ltr'>aequabilis</span> <span class='ocrx_word' id='word_1_138' title='bbox 1098 2557 1134 2622; x_wconf 92' lang='lat' dir='ltr'>in</span> 
     </span>
    </p>

    <p class='ocr_par' dir='ltr' id='par_1_7' title="bbox 146 2657 1132 3578">
     <span class='ocr_line' id='line_1_23' title="bbox 146 2657 1131 2746; baseline 0.005 -26"><span class='ocrx_word' id='word_1_139' title='bbox 146 2657 152 2674; x_wconf 76' lang='lat'><em>⁶</em></span> <span class='ocrx_word' id='word_1_140' title='bbox 220 2678 304 2738; x_wconf 90' lang='lat' dir='ltr'>suos,</span> <span class='ocrx_word' id='word_1_141' title='bbox 327 2679 405 2722; x_wconf 89' lang='lat' dir='ltr'>mcx</span> <span class='ocrx_word' id='word_1_142' title='bbox 428 2662 612 2746; x_wconf 88' lang='lat' dir='ltr'>superbiam</span> <span class='ocrx_word' id='word_1_143' title='bbox 633 2664 667 2726; x_wconf 92' lang='lat' dir='ltr'>in</span> <span class='ocrx_word' id='word_1_144' title='bbox 689 2683 760 2742; x_wconf 90' lang='lat' dir='ltr'>nos,</span> <span class='ocrx_word' id='word_1_145' title='bbox 784 2661 952 2726; x_wconf 89' lang='lat' dir='ltr'>saevitiam</span> <span class='ocrx_word' id='word_1_146' title='bbox 970 2662 1004 2724; x_wconf 94' lang='lat' dir='ltr'>in</span> <span class='ocrx_word' id='word_1_147' title='bbox 1024 2681 1131 2746; x_wconf 90' lang='lat' dir='ltr'>popu-</span> 
     </span>
     <span class='ocr_line' id='line_1_24' title="bbox 198 2762 1132 2850; baseline 0.01 -29"><span class='ocrx_word' id='word_1_148' title='bbox 198 2762 302 2826; x_wconf 83' lang='lat' dir='ltr'>slares</span> <span class='ocrx_word' id='word_1_149' title='bbox 332 2765 481 2849; x_wconf 85' lang='lat' dir='ltr'>sumpsit,</span> <span class='ocrx_word' id='word_1_150' title='bbox 513 2766 614 2830; x_wconf 87' lang='lat' dir='ltr'>fretus</span> <span class='ocrx_word' id='word_1_151' title='bbox 643 2766 755 2848; x_wconf 91' lang='lat' dir='ltr'>bellis,</span> <span class='ocrx_word' id='word_1_152' title='bbox 787 2786 869 2850; x_wconf 85' lang='lat' dir='ltr'>quae</span> <span class='ocrx_word' id='word_1_153' title='bbox 900 2765 1041 2830; x_wconf 89' lang='lat' dir='ltr'>secunda</span> <span class='ocrx_word' id='word_1_154' title='bbox 1072 2765 1132 2830; x_wconf 88' lang='lat' dir='ltr'>ad-</span> 
     </span>
     <span class='ocr_line' id='line_1_25' title="bbox 219 2868 1131 2950; baseline 0.005 -21"><span class='ocrx_word' id='word_1_155' title='bbox 219 2886 346 2930; x_wconf 86' lang='lat' dir='ltr'>versum</span> <span class='ocrx_word' id='word_1_156' title='bbox 358 2868 578 2934; x_wconf 86' lang='lat' dir='ltr'>circumiectas</span> <span class='ocrx_word' id='word_1_157' title='bbox 590 2871 739 2935; x_wconf 90' lang='lat' dir='ltr'>nationes</span> <span class='ocrx_word' id='word_1_158' title='bbox 751 2874 949 2950; x_wconf 84' lang='lat' dir='ltr'>exercuerat,</span> <span class='ocrx_word' id='word_1_159' title='bbox 968 2875 1001 2934; x_wconf 86' lang='lat' dir='ltr'>et</span> <span class='ocrx_word' id='word_1_160' title='bbox 1017 2889 1131 2934; x_wconf 87' lang='lat' dir='ltr'>senec·</span> 
     </span>
     <span class='ocr_line' id='line_1_26' title="bbox 218 2970 1130 3058; baseline 0.003 -23"><span class='ocrx_word' id='word_1_161' title='bbox 218 2976 321 3035; x_wconf 89' lang='lat' dir='ltr'>tutem</span> <span class='ocrx_word' id='word_1_162' title='bbox 343 2972 464 3038; x_wconf 86' lang='lat' dir='ltr'>Tiberii</span> <span class='ocrx_word' id='word_1_163' title='bbox 495 2979 531 3036; x_wconf 94' lang='lat' dir='ltr'>ut</span> <span class='ocrx_word' id='word_1_164' title='bbox 562 2975 719 3039; x_wconf 89' lang='lat' dir='ltr'>inermem</span> <span class='ocrx_word' id='word_1_165' title='bbox 742 2973 923 3058; x_wconf 90' lang='lat' dir='ltr'>despiciens</span> <span class='ocrx_word' id='word_1_166' title='bbox 951 2970 1130 3057; x_wconf 86' lang='lat' dir='ltr'>avidusque</span> 
     </span>
     <span class='ocr_line' id='line_1_27' title="bbox 218 3073 1131 3160; baseline 0.005 -24"><span class='ocrx_word' id='word_1_167' title='bbox 218 3073 409 3158; x_wconf 87' lang='lat' dir='ltr'>Armeniae,</span> <span class='ocrx_word' id='word_1_168' title='bbox 441 3077 493 3140; x_wconf 91' lang='lat' dir='ltr'>oui</span> <span class='ocrx_word' id='word_1_169' title='bbox 527 3075 677 3142; x_wconf 85' lang='lat' dir='ltr'>defuncto</span> <span class='ocrx_word' id='word_1_170' title='bbox 710 3096 790 3160; x_wconf 85' lang='lat' dir='ltr'>rege</span> <span class='ocrx_word' id='word_1_171' title='bbox 818 3074 954 3138; x_wconf 87' lang='lat' dir='ltr'>Artaxia</span> <span class='ocrx_word' id='word_1_172' title='bbox 982 3075 1131 3141; x_wconf 80' lang='lat' dir='ltr'>Arsacen</span> 
     </span>
     <span class='ocr_line' id='line_1_28' title="bbox 218 3171 1132 3265; baseline 0.002 -23"><span class='ocrx_word' id='word_1_173' title='bbox 218 3179 393 3244; x_wconf 88' lang='lat' dir='ltr'>liberorum</span> <span class='ocrx_word' id='word_1_174' title='bbox 426 3171 555 3246; x_wconf 82' lang='lat' dir='ltr'>su&#39;orum</span> <span class='ocrx_word' id='word_1_175' title='bbox 587 3180 796 3246; x_wconf 84' lang='lat' dir='ltr'>veterrimum</span> <span class='ocrx_word' id='word_1_176' title='bbox 827 3179 984 3265; x_wconf 89' lang='lat' dir='ltr'>inposuit,</span> <span class='ocrx_word' id='word_1_177' title='bbox 1018 3177 1132 3244; x_wconf 87' lang='lat' dir='ltr'>addita</span> 
     </span>
     <span class='ocr_line' id='line_1_29' title="bbox 185 3282 1131 3369; baseline -0.001 -21"><span class='ocrx_word' id='word_1_178' title='bbox 185 3285 415 3349; x_wconf 86' lang='lat' dir='ltr'>1⁰contumelic</span> <span class='ocrx_word' id='word_1_179' title='bbox 438 3290 470 3350; x_wconf 87' lang='lat' dir='ltr'>et</span> <span class='ocrx_word' id='word_1_180' title='bbox 492 3285 596 3349; x_wconf 88' lang='lat' dir='ltr'>missis</span> <span class='ocrx_word' id='word_1_181' title='bbox 620 3287 674 3369; x_wconf 91' lang='lat' dir='ltr'>qui</span> <span class='ocrx_word' id='word_1_182' title='bbox 697 3304 808 3369; x_wconf 85' lang='lat' dir='ltr'>gazam</span> <span class='ocrx_word' id='word_1_183' title='bbox 832 3304 851 3346; x_wconf 99' lang='lat' dir='ltr'>a</span> <span class='ocrx_word' id='word_1_184' title='bbox 873 3282 1011 3348; x_wconf 84' lang='lat' dir='ltr'>Vonone</span> <span class='ocrx_word' id='word_1_185' title='bbox 1034 3283 1131 3347; x_wconf 89' lang='lat' dir='ltr'>relic-</span> 
     </span>
     <span class='ocr_line' id='line_1_30' title="bbox 220 3388 1129 3472; baseline 0.006 -23"><span class='ocrx_word' id='word_1_186' title='bbox 220 3393 286 3451; x_wconf 84' lang='lat' dir='ltr'>tam</span> <span class='ocrx_word' id='word_1_187' title='bbox 315 3389 348 3451; x_wconf 91' lang='lat' dir='ltr'>in</span> <span class='ocrx_word' id='word_1_188' title='bbox 379 3388 470 3453; x_wconf 84' lang='lat' dir='ltr'>Suria</span> <span class='ocrx_word' id='word_1_189' title='bbox 495 3389 671 3472; x_wconf 78' lang='lat' dir='ltr'>Ciliciaque</span> <span class='ocrx_word' id='word_1_190' title='bbox 700 3393 922 3472; x_wconf 84' lang='lat' dir='ltr'>reposcerent3</span> <span class='ocrx_word' id='word_1_191' title='bbox 954 3389 1049 3452; x_wconf 90' lang='lat' dir='ltr'>simul</span> <span class='ocrx_word' id='word_1_192' title='bbox 1071 3410 1129 3454; x_wconf 87' lang='lat' dir='ltr'>vc-</span> 
     </span>
     <span class='ocr_line' id='line_1_31' title="bbox 222 3481 1129 3578; baseline 0.008 -25"><span class='ocrx_word' id='word_1_193' title='bbox 222 3481 309 3554; x_wconf 79' lang='lat' dir='ltr'>teres</span> <span class='ocrx_word' id='word_1_194' title='bbox 330 3491 502 3556; x_wconf 86' lang='lat' dir='ltr'>Persarum</span> <span class='ocrx_word' id='word_1_195' title='bbox 531 3514 568 3558; x_wconf 91' lang='lat' dir='ltr'>ac</span> <span class='ocrx_word' id='word_1_196' title='bbox 596 3491 813 3556; x_wconf 87' lang='lat' dir='ltr'>Macedonum</span> <span class='ocrx_word' id='word_1_197' title='bbox 844 3492 999 3556; x_wconf 88' lang='lat' dir='ltr'>terminos</span> <span class='ocrx_word' id='word_1_198' title='bbox 1028 3513 1129 3578; x_wconf 86' lang='lat' dir='ltr'>seque</span> 
     </span>
    </p>
   </div>
   <div class='ocr_carea' id='block_1_3' title="bbox 0 0 1246 4014">
    <p class='ocr_par' dir='ltr' id='par_1_8' title="bbox 0 0 1246 4014">
     <span class='ocr_line' id='line_1_32' title="bbox 0 0 1246 4014; baseline 0 3"><span class='ocrx_word' id='word_1_199' title='bbox 0 0 1246 4014; x_wconf 95' lang='lat' dir='ltr'> </span> 
     </span>
    </p>
   </div>
  </div>
 </body>
</html>
