2444 4010
286 324 323 363 AB
337 322 464 363 EXCESSU
477 323 542 362 DIVI
554 323 682 364 AUGUSTI
694 324 725 363 IV
740 325 798 363 1-4.
939 321 992 376 161

79 484 178 547 vitot
194 483 355 569 corripere
371 485 519 564 intutum,
544 485 638 549 dolus
653 484 821 550 intervalla
835 484 993 556 scelerum

78 588 245 671 poscebat.
282 589 403 672 placuit
424 594 532 654 tamen
556 590 712 654 occultior
733 590 785 654 via
803 596 836 654 et
851 587 992 654 aDruso

79 692 244 776 incipere,
278 693 312 756 in
345 713 439 776 quem
473 693 595 758 recenti
625 694 672 758 ira
703 692 874 759 ferebatur.
920 693 1016 758 namt

79 796 207 861 Drusus
230 798 390 883 inpatiens
409 799 577 865 aemuliet
592 798 698 864 animo
716 798 906 862 commotior
923 804 993 862 orto

78 903 164 968 forte
193 902 297 986 iurgio
327 901 511 967 intenderat
539 901 656 968 Seiano
686 923 799 966 manus
828 909 861 966 et
884 908 994 966 contra

77 1006 241 1070 tendentis
273 1027 309 1070 os
340 1007 575 1073 verberaverat.
621 1007 720 1092 igitur
749 1013 862 1072 cuncta
891 1015 994 1092 tamp-

77 1111 160 1174 tanti
189 1111 464 1195 promptissimum
493 1112 596 1176 visum
624 1111 666 1176 ad
687 1133 824 1178 uxorem
849 1113 916 1176 eius
938 1113 991 1177 Li·

77 1217 166 1280 viam
189 1222 394 1298 convertere,
424 1237 506 1299 quae
530 1236 621 1280 soror
645 1215 844 1300 Germanici,
870 1218 991 1283 formae
1002 1238 1027 1277 10

77 1321 169 1385 initio
194 1319 307 1385 aetatis
330 1318 513 1402 indecorae,
537 1341 615 1384 mox
638 1320 876 1404 pulchritudine
898 1345 991 1408 prae·

78 1427 229 1490 callebat.
280 1425 363 1490 hanc
398 1425 440 1489 ad
474 1426 614 1510 coniugii
650 1447 759 1510 spem,
798 1429 991 1492 consortium

77 1531 172 1613 regni
202 1535 235 1594 et
263 1550 377 1595 necem
408 1531 513 1596 mariti
539 1531 675 1615 impulit.
720 1537 816 1617 atque
840 1532 911 1614 illa,
941 1536 993 1598 cui

77 1635 255 1699 avunculus
283 1633 467 1718 Augustus,
497 1656 591 1700 socer
619 1634 782 1716 Tiberius,
813 1657 855 1700 ex
883 1636 991 1702 Druso

77 1739 189 1820 liberi,
220 1759 319 1822 seque
349 1761 387 1804 ac
415 1741 554 1804 maiores
582 1745 615 1803 et
637 1745 784 1823 posteros
806 1741 992 1826 municipali
1002 1758 1026 1796 1⁵

76 1843 226 1908 adultero
250 1843 377 1924 foedat,
406 1850 442 1908 ut
464 1867 522 1930 pro
546 1846 691 1910 honestis
715 1854 747 1911 at
769 1848 992 1930 praesentibus

76 1947 238 2031 flagitiosa
261 1954 293 2012 et
315 1947 437 2014 incerta
460 1955 674 2034 exspectaret.
711 1953 845 2016 sumitur
867 1953 900 2016 in
916 1973 991 2017 con-

77 2053 245 2116 scientiam
275 2051 456 2132 Eudemus,
486 2055 607 2120 amicus
636 2075 673 2118 ac
701 2055 844 2120 medicus
868 2055 990 2138 Liviae,

77 2157 187 2241 specie
210 2157 287 2220 artis
309 2157 460 2240 frequens
483 2159 624 2222 secretis.
665 2158 757 2243 pellit
780 2159 877 2223 domo
901 2158 990 2224 Seia-

76 2283 136 2325 nus
166 2281 305 2324 uxorem
327 2259 514 2345 Apicatam,
543 2281 586 2325 ex
616 2283 679 2346 qua
705 2267 771 2326 tres
793 2262 912 2327 liberos
935 2283 1027 2346 ge-rc

76 2370 202 2447 nuerat,
225 2386 266 2430 ne
289 2366 405 2450 paelici
428 2373 675 2450 suspectaretur.
721 2367 780 2430 sed
802 2367 990 2451 magnitudo

76 2469 228 2534 facinoris
256 2476 395 2552 metum,
427 2470 640 2554 prolationes,
658 2471 800 2536 >diversa
829 2471 989 2536 interdum

77 2573 213 2639 consilia
234 2572 413 2638 adferebat.

141 2681 172 2741 4.
205 2678 341 2742 Interim
374 2680 448 2744 anni
482 2680 639 2765 principio
673 2679 799 2745 Drusus
833 2701 875 2744 ex
908 2683 989 2746 Ger-

74 2783 193 2848 manici
227 2782 336 2846 liberis
371 2787 483 2867 togam
516 2783 643 2850 virilem
675 2783 810 2867 sumpsit
844 2804 989 2868 quaeque

74 2887 165 2951 fratri
181 2885 304 2950 Neroni
328 2884 515 2951 decreverat
537 2893 666 2952 senatus
681 2889 828 2970 repetita.
866 2887 991 2952 addidit

76 2991 256 3057 orationem
287 2989 405 3054 Caesar
437 2992 537 3056 multa
569 3013 641 3056 cum
673 2991 769 3056 laude
798 2992 871 3074 filii,
904 2990 990 3076 quod

73 3096 180 3180 patria
201 3092 430 3160 benevolentia
451 3094 483 3156 in
506 3093 611 3158 fratris
633 3094 764 3159 liberos.
808 3117 883 3160 nam
904 3095 1012 3159 Dru-s

75 3219 140 3281 sus,
164 3218 357 3282 quamquam
381 3196 517 3262 arduum
540 3197 657 3263 eodem
677 3197 742 3262 loci
764 3200 940 3283 potentiam
958 3206 991 3264 at

75 3302 282 3368 concordiam
306 3322 386 3383 esse,
410 3321 531 3385 aequus
554 3301 812 3366 adulescentibus
831 3310 886 3367 aut
902 3307 988 3367 certe

76 3427 140 3472 non
174 3405 327 3471 adversus
358 3405 547 3471 habebatur.
593 3407 680 3472 exim
707 3412 801 3471 vetus
831 3412 864 3472 et
891 3427 990 3492 saepe

77 3510 260 3575 simulatum
291 3511 515 3594 proficiscendi
546 3511 579 3574 in
610 3511 791 3596 provincias
821 3511 989 3576 consilium

1080 3155 1089 3190 l
