2498 4010
312 329 349 368 AB
362 329 487 369 Excusso
501 329 565 368 DIVI
578 327 705 368 AUGUSuI
718 327 729 364 I
742 326 827 366 58—60.
980 318 1017 374 43

108 492 198 577 quod
226 493 311 556 inter
332 491 441 555 Albim
464 497 498 555 et
520 490 672 554 Rhenum
694 489 801 570 virgas
828 492 861 552 et
891 508 1019 552 secures

108 601 141 659 et
160 601 271 680 togam
283 595 430 660 viderint.
457 593 527 658 aliis
545 593 694 676 gentibus
709 592 890 676 ignorantia
903 592 1020 675 imperi

107 699 249 763 Romani
270 699 440 784 inexperta
462 719 533 763 esse
556 697 720 782 supplicia,
754 696 862 760 nescia
884 694 1019 776 tributa;

109 823 192 887 quae
217 803 367 887 quoniam
390 803 539 867 exuerint
560 801 737 884 inritusque
762 800 943 865 discesserit
965 801 1020 866 ille

108 907 194 970 inter
209 907 340 970 numina
356 907 479 971 dicatus
494 906 670 988 Augustus,
693 904 747 968 ille
765 904 909 968 delectus
924 904 1020 969 Tibe·
1032 934 1057 972 ro

109 1012 187 1091 rius,
210 1033 251 1075 ne
272 1012 446 1096 inperitum
461 1009 747 1092 adulescentulum,
769 1030 811 1073 ne
834 1009 1022 1074 seditiosum

111 1115 292 1180 exercitum
307 1121 527 1200 pavescerent.
551 1114 577 1176 si
592 1113 728 1197 patriam
745 1113 875 1197 antiqua
889 1112 1024 1178 mallent

111 1240 209 1304 quam
224 1219 370 1282 dominos
392 1240 487 1301 nova,
510 1218 691 1282 Arminium
712 1219 820 1302 potius
843 1218 966 1302 gloriae
985 1239 1023 1281 ac

109 1322 269 1386 libertatis
288 1343 383 1406 quam
401 1322 569 1406 Segestem
587 1323 766 1406 flagitiosae
785 1324 947 1389 servitutis
964 1323 1022 1386 du-

111 1448 184 1490 cem
209 1431 428 1510 sequerentur.
510 1479 511 1484 ,
1033 1451 1058 1491 os

179 1532 230 1596 60.
256 1532 382 1596 Conciti
404 1553 463 1616 per
484 1531 565 1596 haec
588 1551 651 1594 non
674 1529 771 1593 modo
791 1529 946 1595 Cherusci
965 1529 1023 1594 sed

113 1636 332 1700 conterminae
362 1642 477 1719 gentes
503 1642 687 1719 tractusque
714 1635 747 1697 in
769 1634 868 1719 partis
891 1633 1024 1718 Inguio-

111 1761 222 1804 merus
234 1738 372 1804 Arminii
387 1744 528 1824 patruus,
548 1747 658 1804 vetere
674 1738 761 1824 apud
772 1738 937 1802 Romanos
952 1761 1025 1802 auc-

113 1845 263 1907 toritate:
285 1843 372 1908 unde
388 1845 489 1908 maior
507 1844 637 1910 Caesari
651 1850 765 1909 metus.
802 1850 834 1908 et
849 1865 889 1908 ne
904 1844 1026 1908 bellum

113 1948 203 2013 mole
226 1970 291 2013 una
310 1949 494 2031 ingrueret,
519 1947 690 2013 Caecinam
722 1970 793 2012 cum
815 1947 1047 2032 quadragintas

115 2052 302 2116 cohortibus
324 2052 478 2116 Romanis
502 2053 710 2118 distrahendo
737 2054 824 2117 hosti
846 2074 905 2137 per
925 2053 1027 2118 Bruc-

113 2166 205 2222 teros
228 2156 268 2220 ad
297 2156 415 2220 flumen
436 2155 594 2220 Amisiam
623 2157 736 2240 mittit,
770 2157 911 2242 equitem
933 2157 1024 2221 Pedo

114 2261 298 2347 praefectus
319 2261 434 2347 finibus
450 2261 628 2326 Frisiorum
644 2260 740 2327 ducit.
779 2263 848 2348 ipse
869 2263 1026 2347 inpositas

113 2365 250 2431 navibus
266 2369 417 2448 quattuor
437 2364 584 2448 legiones
607 2386 665 2449 per
686 2367 774 2430 lacus
789 2367 893 2448 vexit3
918 2367 1025 2430 simul-

114 2492 179 2557 que
204 2469 305 2555 pedes
320 2489 419 2554 eques
438 2470 547 2533 classis
570 2470 657 2554 apud
678 2471 877 2554 praedictum
899 2491 1026 2534 amnem
1037 2491 1063 2531 ro

115 2596 308 2640 convenere.
342 2574 472 2656 Chauci,
497 2595 569 2638 cum
593 2575 713 2638 auxilia
731 2574 972 2659 pollicerentur,
994 2575 1028 2636 in

115 2678 340 2745 commilitium
364 2678 478 2743 adsciti
499 2684 581 2742 sunt.
627 2677 801 2742 Bructeros
826 2699 884 2742 sua
905 2678 1027 2741 urentis

115 2783 273 2870 expedita
304 2804 376 2847 curn
413 2804 510 2847 manu
541 2782 578 2847 L.
611 2782 781 2847 Stertinius
815 2783 914 2846 missu
947 2781 1027 2845 Cer·

115 2889 236 2952 manici
257 2887 354 2970 fudit3
385 2887 532 2970 interque
556 2885 689 2950 caedem
719 2892 752 2951 et
779 2885 933 2970 praedam
954 2907 1028 2970 rep-

116 2993 202 3078 perit
224 2990 506 3056 undevicensimae
527 2991 666 3072 legionis
689 2991 828 3075 aquilam
851 3011 922 3054 cum
939 2991 1027 3055 Varo
1040 3019 1065 3059 15

117 3097 277 3160 amissam.
321 3095 451 3159 ductum
472 3095 548 3160 inde
566 3117 688 3180 agmen
711 3096 752 3159 ad
775 3095 906 3159 ultimos
928 3094 1028 3158 Bruc-

117 3207 262 3266 terorum
294 3206 509 3283 quantumque
531 3199 688 3264 Amisiam
718 3205 750 3264 et
780 3198 916 3283 Lupiam
947 3198 1031 3260 inter

118 3311 289 3386 vastatum,
312 3303 399 3367 haud
430 3304 542 3388 procul
564 3303 835 3387 Teutoburgiensi
866 3301 967 3381 saltu,
997 3301 1031 3364 in

120 3430 183 3493 quo
206 3408 360 3493 reliquiae
383 3408 463 3472 Vari
484 3408 714 3492 legionumque
739 3406 919 3491 insepultae
943 3406 1029 3471 dice-

120 3513 247 3577 bantur·
1040 3545 1065 3584 20
