2482 4014
319 327 357 366 AB
371 327 496 367 EXCESSU
509 327 574 367 DIVI
586 327 714 369 AUGUSTI
727 327 758 367 lv
772 328 856 367 ³5-ee.
942 340 945 346 ’
986 321 1040 379 185

129 488 282 552 stantiam
313 509 419 552 meam
448 510 467 552 a
494 488 658 574 plerisque
692 487 923 568 desideratam,
954 489 1041 573 quod

128 591 228 657 Asiae
251 593 432 658 civitatibus
455 615 558 677 nuper
572 592 659 657 idem
675 592 762 657 istud
777 593 960 677 petentibus
975 613 1040 657 non

127 697 190 760 sim
218 697 419 762 adversatus.
464 719 542 782 ergo
576 705 609 762 et
639 698 754 782 prioris
774 698 901 778 ,silentii
930 697 1074 791 defen-c

125 800 254 864 sionem
283 801 415 885 etquid
438 801 472 864 in
494 802 636 866 futurum
659 802 825 866 statuerim
847 801 943 866 simul
965 822 1041 884 ape·

126 904 219 968 riam.
256 925 327 968 curn
344 904 435 970 divus
450 903 617 988 Augustus
637 905 696 971 sibi
715 912 811 991 atque
828 907 899 971 urbi
914 907 1039 971 Romae

126 1009 287 1091 templum
310 1007 395 1092 apud
417 1003 613 1093 Pergamum
636 1010 704 1072 sisti
726 1031 792 1074 non
813 1009 1039 1094 prohibuisset,

127 1113 183 1196 qui
203 1113 310 1177 omnia
324 1112 408 1178 facta
424 1113 573 1198 dictaque
590 1114 658 1178 eius
674 1115 743 1180 vice
760 1115 843 1198 legis
860 1115 1039 1196 observem,

125 1217 281 1301 placitum
310 1218 374 1281 iam
397 1220 583 1304 exemplum
604 1219 782 1303 promptius
807 1225 935 1283 secutus
958 1237 1073 1302 sum,15

127 1321 204 1406 quia
227 1322 326 1387 cultui
349 1342 423 1386 meo
447 1323 614 1387 veneratio
640 1328 771 1388 senatus
794 1322 1038 1407 adiungebatur.

128 1431 273 1490 ceterum
295 1432 332 1490 ut
355 1427 456 1491 semel
478 1428 638 1513 recepisse
662 1428 789 1491 veniam
812 1427 971 1508 habuerit,
995 1427 1040 1490 ita

126 1551 187 1614 per
202 1532 383 1614 provincias
399 1531 505 1616 effigie
521 1532 686 1595 numinum
701 1532 818 1595 sacrari
833 1532 1038 1595 ambitiosum

126 1634 319 1718 superbum3
349 1641 381 1698 et
410 1624 563 1699 vanescet
584 1633 727 1717 Augusti
753 1635 874 1717 honor,
906 1637 933 1698 si
962 1656 1037 1719 pro-

125 1738 234 1801 miscis
257 1736 494 1802 adulationibus
515 1733 674 1822 vulgatur.
1049 1757 1074 1794 20

194 1841 245 1905 38.
277 1843 348 1927 Ego
366 1863 428 1924 me,
451 1848 558 1928 patrea
576 1843 757 1928 conscripti,
780 1844 951 1907 mortalem
966 1864 1038 1908 esse

127 1952 161 2010 et
176 1945 342 2009 hominum
358 1945 463 2010 officia
477 1945 567 2028 fungi
583 1947 725 2031 satisque
741 1946 873 2024 habere,
890 1946 916 2008 si
931 1946 1039 2011 locum

125 2050 306 2134 principem
328 2050 496 2135 impleam,
528 2057 561 2114 et
589 2071 647 2114 vos
670 2057 773 2115 testor
796 2057 830 2114 et
851 2051 1037 2115 meminisse

125 2161 277 2239 posteros
294 2155 386 2237 volo;
411 2155 465 2239 qui
485 2155 562 2219 satis
578 2175 739 2240 superque
756 2157 930 2222 memoriae
946 2177 1038 2220 meae

126 2258 285 2342 tribuent,
317 2266 353 2323 ut
374 2259 549 2324 maioribus
571 2260 653 2323 meis
676 2259 826 2344 dignum,
856 2265 1060 2325 rerumve-s

126 2369 265 2426 strarum
276 2363 460 2447 providum,
485 2369 685 2428 constantem
699 2364 732 2426 in
749 2364 913 2448 periculis,
937 2365 1039 2428 offen·

126 2468 253 2531 sionum
270 2487 329 2550 pro
350 2468 488 2531 utilitate
505 2467 634 2550 publica
648 2489 714 2533 non
729 2467 881 2552 pavidum
897 2468 1038 2533 credant.

126 2571 208 2636 haec
230 2571 309 2636 mihi
331 2571 498 2635 inanimis
521 2571 637 2636 vestris
659 2572 789 2656 templa,
812 2572 873 2635 hae
889 2571 1039 2656 pulcher·

126 2676 227 2740 rimae
250 2675 375 2759 effigies
398 2681 432 2740 et
454 2697 634 2740 mansurae.
666 2697 740 2741 nam
756 2697 837 2760 quae
860 2698 938 2741 saxo
955 2683 1038 2740 stru·

125 2786 240 2862 untur,
272 2780 298 2843 si
326 2779 479 2845 iudicium
511 2787 714 2865 posterorum
743 2782 776 2844 in
800 2781 908 2844 odium
932 2781 1039 2863 vertit,
1050 2809 1073 2846 ιο

126 2905 185 2969 pro
210 2884 388 2969 sepulchris
411 2891 615 2969 spernuntur.
659 2885 797 2971 proinde
822 2887 928 2950 socios
953 2885 1039 2950 cives

127 2988 208 3052 deos
230 2988 319 3072 ipsos
341 3009 471 3074 precor,
500 2991 560 3054 hos
589 2996 624 3053 ut
644 2990 723 3054 mihi
755 2990 915 3054 adfinem
938 3009 1039 3074 usque

125 3093 212 3156 vitae
235 3092 375 3176 quietam
401 3101 433 3156 et
454 3093 698 3178 intellegentem
721 3095 853 3158 humani
876 3094 1039 3177 divinique

125 3197 205 3260 iuris
227 3201 369 3261 mentem
394 3196 501 3276 duint,
525 3197 598 3260 illos
621 3203 667 3281 ut,
691 3197 884 3282 quandoque
909 3216 1040 3261 conces·

126 3322 218 3383 sero,
250 3322 324 3365 cum
352 3300 448 3364 laude
479 3306 512 3364 et
534 3301 628 3367 bonis
658 3300 934 3365 recordationibus
956 3300 1075 3367 factam

125 3411 225 3490 atque
253 3404 371 3468 famam
404 3405 543 3468 nominis
573 3405 638 3469 mei
666 3403 923 3490 prosequantur.‘
966 3427 1039 3490 per·

127 3511 271 3594 stititque
295 3508 431 3592 posthac
448 3509 581 3574 secretis
601 3509 699 3574 etiam
714 3509 915 3574 sermonibus
932 3530 1036 3594 asper·
