2444 4010
277 336 315 376 AB
329 335 454 376 Excusso
468 335 533 375 DIVI
546 333 674 376 AUGUSTI
686 335 721 374 111
735 335 820 376 til-db.
972 329 1025 386 151

118 493 268 577 Augusti.
313 496 460 581 factaque
482 502 612 561 senatus
637 497 797 580 consulta,
827 497 896 580 quis
926 498 1026 562 multo

118 620 190 663 cum
211 599 336 664 honore
358 600 474 663 modus
496 606 605 665 tamen
624 600 910 684 praesumebatur,
933 600 1027 664 iussi·

120 724 182 788 que
213 704 292 788 ipsis
323 704 357 767 in
387 703 516 788 templis
545 703 645 787 figere
674 725 750 768 aera
778 704 964 769 sacrandam
987 702 1027 766 ad

117 807 322 889 memoriam,
351 829 415 872 neu
443 808 552 892 specie
575 809 742 892 religionis
764 808 797 871 in
820 808 1026 872 ambitionem

116 911 353 977 delaberentur.
824 976 827 981 ,
1037 935 1063 974 so

180 1019 235 1082 64.
277 1016 343 1082 Sub
378 1017 465 1081 idem
503 1022 631 1100 tempus
667 1015 836 1100 Augustae
875 1018 1027 1082 valetudo

118 1127 215 1188 atrox
245 1121 517 1188 necessitudinem
549 1121 686 1206 principi
716 1121 794 1186 fecit
824 1122 965 1188 festinati
996 1123 1029 1186 in

114 1225 230 1292 urbem
244 1225 377 1309 reditus,
397 1227 523 1291 sincera
538 1225 644 1291 adhuc
659 1225 743 1290 inter
761 1231 896 1291 matrem
912 1226 1028 1290 filium·

114 1352 179 1416 que
210 1332 383 1396 concordia
412 1331 479 1397 sive
511 1331 645 1396 occultis
676 1330 768 1395 odiis.
813 1329 1027 1415 nequeenim

114 1436 218 1500 multo
249 1444 339 1518 ante,
371 1457 442 1500 cnm
471 1435 557 1500 haud
587 1435 699 1518 procul
728 1435 854 1498 theatro
882 1433 1050 1498 Marcellis

114 1538 257 1623 effigiem
275 1539 348 1604 divo
364 1539 514 1624 Augusto
531 1539 615 1602 Iulia
631 1537 761 1618 dicaret,
785 1536 893 1601 Tiberi
909 1559 1027 1603 nomen

113 1663 175 1706 suo
206 1645 450 1728 postscripserat
478 1644 577 1728 idque
606 1643 661 1708 ille
696 1641 886 1707 credebatur
914 1649 950 1706 ut
978 1643 1026 1708 in·

112 1747 214 1812 ferius
224 1749 391 1813 maiestate
401 1749 554 1834 principis
564 1749 655 1831 gravi
669 1755 702 1812 et
713 1748 911 1812 dissimulata
923 1747 1025 1812 offen-

113 1852 208 1915 sione
239 1851 411 1916 abdidisse.
461 1858 510 1916 set
538 1857 607 1916 tum
633 1852 790 1937 supplicia
820 1851 868 1916 dis
894 1852 1025 1937 ludique

113 1957 224 2038 magni
247 1955 287 2019 ab
310 1962 423 2021 senatu
447 1956 672 2038 decernuntur,
699 1977 779 2042 quos
802 1957 970 2041 pontifices
993 1961 1060 2022 etro

113 2079 256 2142 augures
277 2069 310 2124 et
325 2061 570 2146 quindecimviri
592 2063 795 2147 septemviris
812 2064 955 2127 simulet
973 2085 1025 2126 so-

114 2165 241 2230 dalibus
256 2164 488 2249 Augustalibus
506 2167 651 2231 ederent.
681 2173 849 2232 censuerat
864 2166 901 2230 L.
918 2165 1026 2252 Apro·

113 2270 186 2333 nius
217 2277 253 2333 ut
283 2271 408 2336 fetiales
441 2291 570 2356 quoque
603 2272 642 2335 iis
679 2270 763 2334 ludis
796 2270 1026 2355 praesiderent.

114 2380 226 2438 contra
256 2373 338 2437 dixit
361 2373 481 2438 Caesar
504 2373 654 2439 distincto
680 2374 933 2442 sacerdotiorum
957 2378 1026 2440 iure

113 2483 151 2542 et
172 2477 317 2563 repetitis
341 2478 517 2563 exemplis:
549 2499 654 2562 neque
685 2479 770 2543 enim
798 2501 948 2564 umquam
979 2480 1024 2544 fe·
1035 2497 1061 2537 1⁵

111 2581 241 2646 tialibus
272 2581 335 2646 hoc
366 2582 542 2646 maiestatis
573 2583 682 2648 fuisse.
727 2584 802 2648 ideo
829 2582 1026 2668 Augustales

113 2684 268 2766 adiectos,
291 2685 367 2768 quia
387 2687 554 2770 proprium
579 2687 647 2752 eius
671 2686 786 2752 domus
809 2688 1025 2752 sacerdotium

112 2797 208 2871 esset,
231 2810 290 2874 pro
314 2811 377 2873 qua
398 2797 475 2856 vota
495 2792 767 2875 persolverentur.

177 2894 229 2958 65.
257 2893 402 2979 Exsequi
426 2896 602 2960 sententias
630 2896 717 2960 haud
740 2896 864 2961 institui
890 2898 952 2962 nisi
978 2897 1025 2962 in-

111 2999 221 3082 signes
244 2999 497 3082 perhonestum
521 3005 576 3065 aut
590 3002 725 3066 notabili
742 3001 914 3084 dedecore,
937 3002 1024 3087 quod

109 3103 319 3187 praecipuum
337 3125 469 3169 munus
499 3105 661 3168 annalium
692 3126 783 3188 reor,
817 3126 858 3170 ne
889 3106 1024 3170 virtutes

111 3206 269 3272 sileantur
291 3216 390 3291 utque
409 3207 517 3292 pravis
540 3209 634 3273 dictis
652 3209 808 3296 factisque
831 3230 873 3274 ex
888 3210 1024 3295 posteri-

109 3317 176 3376 tate
200 3315 234 3375 et
255 3311 386 3375 infamia
407 3323 512 3377 metus
536 3315 587 3378 sit.
634 3319 778 3379 ceterum
800 3320 947 3398 tempora
969 3313 1045 3377 illas

109 3416 192 3481 adeo
217 3417 337 3481 infecta
356 3423 389 3482 et
408 3417 594 3484 adulatione
616 3418 755 3502 sordida,
779 3425 901 3483 utnon
924 3417 1022 3484 modo

108 3521 267 3604 primores
290 3521 438 3606 civitatis,
462 3522 576 3606 quibus
593 3523 750 3587 claritudo
768 3505 931 3609 obsequiis
946 3545 1022 3608 pro·
