<?xml version="1.0" encoding="UTF-8"?>
<!DOCTYPE html PUBLIC "-//W3C//DTD XHTML 1.0 Transitional//EN"
    "http://www.w3.org/TR/xhtml1/DTD/xhtml1-transitional.dtd">
<html xmlns="http://www.w3.org/1999/xhtml" xml:lang="en" lang="en">
 <head>
  <title>
</title>
<meta http-equiv="Content-Type" content="text/html;charset=utf-8" />
  <meta name='ocr-system' content='tesseract 3.04.00' />
  <meta name='ocr-capabilities' content='ocr_page ocr_carea ocr_par ocr_line ocrx_word'/>
</head>
<body>
  <div class='ocr_page' id='page_1' title='image "./annalen01tacigoog_0247.png"; bbox 0 0 2502 4004; ppageno 0'>
   <div class='ocr_carea' id='block_1_1' title="bbox 205 323 778 378">
    <p class='ocr_par' dir='ltr' id='par_1_1' title="bbox 205 323 778 378">
     <span class='ocr_line' id='line_1_1' title="bbox 205 323 778 378; baseline -0.024 0"><span class='ocrx_word' id='word_1_1' title='bbox 205 323 262 378; x_wconf 81' lang='lat'>234</span> <span class='ocrx_word' id='word_1_2' title='bbox 529 325 778 367; x_wconf 77' lang='lat' dir='ltr'>ccannnrrrncrrr</span> 
     </span>
    </p>
   </div>
   <div class='ocr_carea' id='block_1_2' title="bbox 169 481 1126 3582">
    <p class='ocr_par' dir='ltr' id='par_1_2' title="bbox 205 481 1126 883">
     <span class='ocr_line' id='line_1_2' title="bbox 205 481 1124 572; baseline -0.005 -22"><span class='ocrx_word' id='word_1_3' title='bbox 205 491 295 550; x_wconf 89' lang='lat' dir='ltr'>retur</span> <span class='ocrx_word' id='word_1_4' title='bbox 309 493 424 571; x_wconf 89' lang='lat' dir='ltr'>sponte</span> <span class='ocrx_word' id='word_1_5' title='bbox 441 493 597 572; x_wconf 85' lang='lat' dir='ltr'>sumptus.</span> <span class='ocrx_word' id='word_1_6' title='bbox 626 485 790 550; x_wconf 83' lang='lat' dir='ltr'>enimvero</span> <span class='ocrx_word' id='word_1_7' title='bbox 807 483 955 548; x_wconf 77' lang='lat' dir='ltr'>Tiberius</span> <span class='ocrx_word' id='word_1_8' title='bbox 968 481 1124 548; x_wconf 86' lang='lat' dir='ltr'>foedissi-</span> 
     </span>
     <span class='ocr_line' id='line_1_3' title="bbox 205 589 1125 675; baseline -0.001 -23"><span class='ocrx_word' id='word_1_9' title='bbox 205 591 265 654; x_wconf 85' lang='lat' dir='ltr'>mis</span> <span class='ocrx_word' id='word_1_10' title='bbox 289 591 565 655; x_wconf 81' lang='lat' dir='ltr'>criminationibus</span> <span class='ocrx_word' id='word_1_11' title='bbox 589 590 710 654; x_wconf 81' lang='lat' dir='ltr'>exarsit</span> <span class='ocrx_word' id='word_1_12' title='bbox 728 589 961 675; x_wconf 79' lang='lat' dir='ltr'>impudicitiam</span> <span class='ocrx_word' id='word_1_13' title='bbox 981 608 1125 671; x_wconf 86' lang='lat' dir='ltr'>arguens</span> 
     </span>
     <span class='ocr_line' id='line_1_4' title="bbox 208 692 1126 777; baseline -0.002 -19"><span class='ocrx_word' id='word_1_14' title='bbox 208 700 240 758; x_wconf 89' lang='lat' dir='ltr'>et</span> <span class='ocrx_word' id='word_1_15' title='bbox 262 692 410 758; x_wconf 86' lang='lat' dir='ltr'>Asinium</span> <span class='ocrx_word' id='word_1_16' title='bbox 437 693 566 759; x_wconf 80' lang='lat' dir='ltr'>Gallum</span> <span class='ocrx_word' id='word_1_17' title='bbox 589 694 771 758; x_wconf 89' lang='lat' dir='ltr'>adulterum</span> <span class='ocrx_word' id='word_1_18' title='bbox 796 694 928 777; x_wconf 89' lang='lat' dir='ltr'>eiusque</span> <span class='ocrx_word' id='word_1_19' title='bbox 951 697 1057 756; x_wconf 85' lang='lat' dir='ltr'>morte</span> <span class='ocrx_word' id='word_1_20' title='bbox 1080 692 1126 756; x_wconf 86' lang='lat' dir='ltr'>ad</span> 
     </span>
     <span class='ocr_line' id='line_1_5' title="bbox 206 796 1126 883; baseline 0.002 -23"><span class='ocrx_word' id='word_1_21' title='bbox 206 798 349 863; x_wconf 87' lang='lat' dir='ltr'>taedium</span> <span class='ocrx_word' id='word_1_22' title='bbox 378 801 464 863; x_wconf 86' lang='lat' dir='ltr'>vitae</span> <span class='ocrx_word' id='word_1_23' title='bbox 497 799 695 883; x_wconf 87' lang='lat' dir='ltr'>conpulsam.</span> <span class='ocrx_word' id='word_1_24' title='bbox 741 798 797 862; x_wconf 88' lang='lat' dir='ltr'>sed</span> <span class='ocrx_word' id='word_1_25' title='bbox 821 796 1003 882; x_wconf 86' lang='lat' dir='ltr'>Agrippina</span> <span class='ocrx_word' id='word_1_26' title='bbox 1025 798 1126 882; x_wconf 90' lang='lat' dir='ltr'>aequi</span> 
     </span>
    </p>

    <p class='ocr_par' dir='ltr' id='par_1_3' title="bbox 172 901 1125 1404">
     <span class='ocr_line' id='line_1_6' title="bbox 172 901 1123 987; baseline -0.003 -20"><span class='ocrx_word' id='word_1_27' title='bbox 172 904 380 987; x_wconf 85' lang='lat' dir='ltr'>10inpatieus,</span> <span class='ocrx_word' id='word_1_28' title='bbox 406 904 592 968; x_wconf 88' lang='lat' dir='ltr'>dominandi</span> <span class='ocrx_word' id='word_1_29' title='bbox 616 903 726 985; x_wconf 88' lang='lat' dir='ltr'>avida,</span> <span class='ocrx_word' id='word_1_30' title='bbox 749 902 895 966; x_wconf 87' lang='lat' dir='ltr'>virilibus</span> <span class='ocrx_word' id='word_1_31' title='bbox 918 902 1003 964; x_wconf 88' lang='lat' dir='ltr'>curis</span> <span class='ocrx_word' id='word_1_32' title='bbox 1026 901 1123 964; x_wconf 86' lang='lat' dir='ltr'>femi-</span> 
     </span>
     <span class='ocr_line' id='line_1_7' title="bbox 206 1004 1123 1088; baseline -0.002 -16"><span class='ocrx_word' id='word_1_33' title='bbox 206 1029 318 1072; x_wconf 82' lang='lat' dir='ltr'>narum</span> <span class='ocrx_word' id='word_1_34' title='bbox 341 1008 420 1072; x_wconf 87' lang='lat' dir='ltr'>vitia</span> <span class='ocrx_word' id='word_1_35' title='bbox 438 1014 584 1072; x_wconf 82' lang='lat' dir='ltr'>exuerat.</span> <span class='ocrx_word' id='word_1_36' title='bbox 619 1007 736 1072; x_wconf 88' lang='lat' dir='ltr'>eodem</span> <span class='ocrx_word' id='word_1_37' title='bbox 760 1005 812 1070; x_wconf 89' lang='lat' dir='ltr'>die</span> <span class='ocrx_word' id='word_1_38' title='bbox 836 1004 1032 1086; x_wconf 89' lang='lat' dir='ltr'>defunctam,</span> <span class='ocrx_word' id='word_1_39' title='bbox 1056 1025 1123 1088; x_wconf 92' lang='lat' dir='ltr'>quc</span> 
     </span>
     <span class='ocr_line' id='line_1_8' title="bbox 206 1109 1124 1196; baseline -0.001 -22"><span class='ocrx_word' id='word_1_40' title='bbox 206 1111 336 1174; x_wconf 89' lang='lat' dir='ltr'>biennio</span> <span class='ocrx_word' id='word_1_41' title='bbox 361 1116 435 1175; x_wconf 91' lang='lat' dir='ltr'>ante</span> <span class='ocrx_word' id='word_1_42' title='bbox 459 1111 596 1176; x_wconf 83' lang='lat' dir='ltr'>Seianus</span> <span class='ocrx_word' id='word_1_43' title='bbox 625 1132 747 1196; x_wconf 89' lang='lat' dir='ltr'>poenas</span> <span class='ocrx_word' id='word_1_44' title='bbox 770 1110 899 1191; x_wconf 89' lang='lat' dir='ltr'>luisset,</span> <span class='ocrx_word' id='word_1_45' title='bbox 929 1109 1124 1173; x_wconf 89' lang='lat' dir='ltr'>memoriae·</span> 
     </span>
     <span class='ocr_line' id='line_1_9' title="bbox 207 1211 1125 1299; baseline -0.003 -20"><span class='ocrx_word' id='word_1_46' title='bbox 207 1236 268 1299; x_wconf 89' lang='lat' dir='ltr'>que</span> <span class='ocrx_word' id='word_1_47' title='bbox 299 1215 334 1278; x_wconf 94' lang='lat' dir='ltr'>id</span> <span class='ocrx_word' id='word_1_48' title='bbox 372 1215 578 1298; x_wconf 84' lang='lat' dir='ltr'>prodendum</span> <span class='ocrx_word' id='word_1_49' title='bbox 615 1213 740 1278; x_wconf 87' lang='lat' dir='ltr'>addidit</span> <span class='ocrx_word' id='word_1_50' title='bbox 773 1213 893 1278; x_wconf 78' lang='lat' dir='ltr'>Caesar</span> <span class='ocrx_word' id='word_1_51' title='bbox 924 1211 1125 1295; x_wconf 82' lang='lat' dir='ltr'>iactavitque</span> 
     </span>
     <span class='ocr_line' id='line_1_10' title="bbox 207 1314 1124 1404; baseline -0.005 -21"><span class='ocrx_word' id='word_1_52' title='bbox 207 1319 295 1404; x_wconf 90' lang='lat' dir='ltr'>quod</span> <span class='ocrx_word' id='word_1_53' title='bbox 316 1340 382 1382; x_wconf 91' lang='lat' dir='ltr'>non</span> <span class='ocrx_word' id='word_1_54' title='bbox 401 1318 516 1403; x_wconf 89' lang='lat' dir='ltr'>laqueo</span> <span class='ocrx_word' id='word_1_55' title='bbox 542 1319 741 1403; x_wconf 90' lang='lat' dir='ltr'>strangulata</span> <span class='ocrx_word' id='word_1_56' title='bbox 761 1337 868 1401; x_wconf 91' lang='lat' dir='ltr'>neque</span> <span class='ocrx_word' id='word_1_57' title='bbox 891 1316 924 1379; x_wconf 89' lang='lat' dir='ltr'>in</span> <span class='ocrx_word' id='word_1_58' title='bbox 942 1314 1124 1380; x_wconf 80' lang='lat' dir='ltr'>Gemonias</span> 
     </span>
    </p>

    <p class='ocr_par' dir='ltr' id='par_1_4' title="bbox 172 1421 1124 1801">
     <span class='ocr_line' id='line_1_11' title="bbox 172 1421 1124 1507; baseline -0.001 -21"><span class='ocrx_word' id='word_1_59' title='bbox 172 1440 197 1479; x_wconf 77' lang='lat'>15</span> <span class='ocrx_word' id='word_1_60' title='bbox 207 1425 353 1507; x_wconf 87' lang='lat' dir='ltr'>proiecta</span> <span class='ocrx_word' id='word_1_61' title='bbox 375 1423 469 1487; x_wconf 87' lang='lat' dir='ltr'>foret.</span> <span class='ocrx_word' id='word_1_62' title='bbox 515 1429 605 1487; x_wconf 88' lang='lat' dir='ltr'>actae</span> <span class='ocrx_word' id='word_1_63' title='bbox 637 1424 678 1487; x_wconf 92' lang='lat' dir='ltr'>cb</span> <span class='ocrx_word' id='word_1_64' title='bbox 701 1423 736 1486; x_wconf 92' lang='lat' dir='ltr'>id</span> <span class='ocrx_word' id='word_1_65' title='bbox 757 1429 867 1505; x_wconf 85' lang='lat' dir='ltr'>grates</span> <span class='ocrx_word' id='word_1_66' title='bbox 891 1421 1124 1504; x_wconf 87' lang='lat' dir='ltr'>decretumque</span> 
     </span>
     <span class='ocr_line' id='line_1_12' title="bbox 206 1524 1124 1612; baseline -0.004 -22"><span class='ocrx_word' id='word_1_67' title='bbox 206 1532 242 1590; x_wconf 89' lang='lat' dir='ltr'>ut</span> <span class='ocrx_word' id='word_1_68' title='bbox 264 1527 410 1612; x_wconf 91' lang='lat' dir='ltr'>quintum</span> <span class='ocrx_word' id='word_1_69' title='bbox 435 1526 608 1590; x_wconf 92' lang='lat' dir='ltr'>decumum</span> <span class='ocrx_word' id='word_1_70' title='bbox 629 1527 695 1591; x_wconf 87' lang='lat' dir='ltr'>kal.</span> <span class='ocrx_word' id='word_1_71' title='bbox 718 1525 930 1606; x_wconf 79' lang='lat' dir='ltr'>Novembris,</span> <span class='ocrx_word' id='word_1_72' title='bbox 953 1524 1124 1606; x_wconf 89' lang='lat' dir='ltr'>utriusque</span> 
     </span>
     <span class='ocr_line' id='line_1_13' title="bbox 207 1628 1124 1717; baseline -0.004 -21"><span class='ocrx_word' id='word_1_73' title='bbox 207 1633 296 1696; x_wconf 89' lang='lat' dir='ltr'>necis</span> <span class='ocrx_word' id='word_1_74' title='bbox 321 1630 394 1714; x_wconf 90' lang='lat' dir='ltr'>die,</span> <span class='ocrx_word' id='word_1_75' title='bbox 421 1652 480 1717; x_wconf 89' lang='lat' dir='ltr'>per</span> <span class='ocrx_word' id='word_1_76' title='bbox 511 1632 614 1696; x_wconf 90' lang='lat' dir='ltr'>omnis</span> <span class='ocrx_word' id='word_1_77' title='bbox 643 1651 745 1694; x_wconf 89' lang='lat' dir='ltr'>annos</span> <span class='ocrx_word' id='word_1_78' title='bbox 773 1629 895 1694; x_wconf 91' lang='lat' dir='ltr'>donum</span> <span class='ocrx_word' id='word_1_79' title='bbox 917 1628 990 1693; x_wconf 91' lang='lat' dir='ltr'>Iovi</span> <span class='ocrx_word' id='word_1_80' title='bbox 1013 1648 1124 1692; x_wconf 87' lang='lat' dir='ltr'>sacra·</span> 
     </span>
     <span class='ocr_line' id='line_1_14' title="bbox 206 1746 306 1801; baseline -0.02 -1"><span class='ocrx_word' id='word_1_81' title='bbox 206 1746 306 1801; x_wconf 89' lang='lat' dir='ltr'>retur.</span> 
     </span>
    </p>

    <p class='ocr_par' dir='ltr' id='par_1_5' title="bbox 207 1837 1125 2237">
     <span class='ocr_line' id='line_1_15' title="bbox 273 1837 1124 1925; baseline -0.002 -23"><span class='ocrx_word' id='word_1_82' title='bbox 273 1840 324 1904; x_wconf 84' lang='grc'>26.</span> <span class='ocrx_word' id='word_1_83' title='bbox 351 1838 450 1902; x_wconf 92' lang='lat' dir='ltr'>Haud</span> <span class='ocrx_word' id='word_1_84' title='bbox 473 1839 574 1903; x_wconf 88' lang='lat' dir='ltr'>multo</span> <span class='ocrx_word' id='word_1_85' title='bbox 598 1845 673 1925; x_wconf 89' lang='lat' dir='ltr'>post</span> <span class='ocrx_word' id='word_1_86' title='bbox 693 1838 850 1903; x_wconf 78' lang='lat' dir='ltr'>Cocceius</span> <span class='ocrx_word' id='word_1_87' title='bbox 872 1837 993 1919; x_wconf 86' lang='lat' dir='ltr'>Nerva,</span> <span class='ocrx_word' id='word_1_88' title='bbox 1017 1837 1124 1902; x_wconf 87' lang='lat' dir='ltr'>conti·</span> 
     </span>
     <span class='ocr_line' id='line_1_16' title="bbox 207 1941 1125 2028; baseline -0.003 -21"><span class='ocrx_word' id='word_1_89' title='bbox 207 1965 289 2007; x_wconf 91' lang='lat' dir='ltr'>uuus</span> <span class='ocrx_word' id='word_1_90' title='bbox 311 1943 462 2028; x_wconf 89' lang='lat' dir='ltr'>principi,</span> <span class='ocrx_word' id='word_1_91' title='bbox 487 1942 586 2007; x_wconf 86' lang='lat' dir='ltr'>divini</span> <span class='ocrx_word' id='word_1_92' title='bbox 607 1943 805 2026; x_wconf 90' lang='lat' dir='ltr'>humanique</span> <span class='ocrx_word' id='word_1_93' title='bbox 827 1942 907 2005; x_wconf 89' lang='lat' dir='ltr'>iuris</span> <span class='ocrx_word' id='word_1_94' title='bbox 930 1941 1045 2023; x_wconf 89' lang='lat' dir='ltr'>sciens,</span> <span class='ocrx_word' id='word_1_95' title='bbox 1072 1942 1125 2004; x_wconf 91' lang='lat' dir='ltr'>iu·</span> 
     </span>
     <span class='ocr_line' id='line_1_17' title="bbox 207 2044 1124 2132; baseline -0.004 -20"><span class='ocrx_word' id='word_1_96' title='bbox 207 2053 300 2132; x_wconf 89' lang='lat' dir='ltr'>tegrc</span> <span class='ocrx_word' id='word_1_97' title='bbox 324 2052 418 2127; x_wconf 84' lang='lat' dir='ltr'>statu,</span> <span class='ocrx_word' id='word_1_98' title='bbox 443 2066 581 2131; x_wconf 89' lang='lat' dir='ltr'>corpore</span> <span class='ocrx_word' id='word_1_99' title='bbox 604 2047 745 2128; x_wconf 85' lang='lat' dir='ltr'>inlaesa,</span> <span class='ocrx_word' id='word_1_100' title='bbox 767 2044 929 2110; x_wconf 88' lang='lat' dir='ltr'>moriendi</span> <span class='ocrx_word' id='word_1_101' title='bbox 949 2044 1124 2109; x_wconf 87' lang='lat' dir='ltr'>consilium</span> 
     </span>
     <span class='ocr_line' id='line_1_18' title="bbox 207 2148 1122 2237; baseline -0.004 -21"><span class='ocrx_word' id='word_1_102' title='bbox 207 2153 302 2236; x_wconf 90' lang='lat' dir='ltr'>cepit.</span> <span class='ocrx_word' id='word_1_103' title='bbox 336 2153 423 2237; x_wconf 90' lang='lat' dir='ltr'>quod</span> <span class='ocrx_word' id='word_1_104' title='bbox 438 2158 474 2215; x_wconf 92' lang='lat' dir='ltr'>ut</span> <span class='ocrx_word' id='word_1_105' title='bbox 488 2152 618 2215; x_wconf 86' lang='lat' dir='ltr'>Tiberio</span> <span class='ocrx_word' id='word_1_106' title='bbox 634 2152 808 2236; x_wconf 88' lang='lat' dir='ltr'>cognitum,</span> <span class='ocrx_word' id='word_1_107' title='bbox 826 2148 985 2232; x_wconf 88' lang='lat' dir='ltr'>adsidere,</span> <span class='ocrx_word' id='word_1_108' title='bbox 1007 2169 1122 2213; x_wconf 84' lang='lat' dir='ltr'>causas</span> 
     </span>
    </p>

    <p class='ocr_par' dir='ltr' id='par_1_6' title="bbox 185 2254 1122 2754">
     <span class='ocr_line' id='line_1_19' title="bbox 185 2254 1122 2341; baseline 0.002 -26"><span class='ocrx_word' id='word_1_109' title='bbox 185 2257 388 2339; x_wconf 59' lang='lat' dir='ltr'>nequirem,</span> <span class='ocrx_word' id='word_1_110' title='bbox 411 2255 531 2319; x_wconf 84' lang='lat' dir='ltr'>addere</span> <span class='ocrx_word' id='word_1_111' title='bbox 554 2277 684 2340; x_wconf 90' lang='lat' dir='ltr'>preces,</span> <span class='ocrx_word' id='word_1_112' title='bbox 709 2254 803 2320; x_wconf 88' lang='lat' dir='ltr'>fateri</span> <span class='ocrx_word' id='word_1_113' title='bbox 826 2259 994 2341; x_wconf 87' lang='lat' dir='ltr'>postremo</span> <span class='ocrx_word' id='word_1_114' title='bbox 1019 2273 1122 2338; x_wconf 88' lang='lat' dir='ltr'>grave</span> 
     </span>
     <span class='ocr_line' id='line_1_20' title="bbox 206 2358 1122 2444; baseline 0 -24"><span class='ocrx_word' id='word_1_115' title='bbox 206 2358 432 2438; x_wconf 90' lang='lat' dir='ltr'>conscientiae,</span> <span class='ocrx_word' id='word_1_116' title='bbox 455 2378 553 2442; x_wconf 90' lang='lat' dir='ltr'>grave</span> <span class='ocrx_word' id='word_1_117' title='bbox 576 2358 681 2423; x_wconf 87' lang='lat' dir='ltr'>famae</span> <span class='ocrx_word' id='word_1_118' title='bbox 701 2381 789 2440; x_wconf 91' lang='lat' dir='ltr'>suae,</span> <span class='ocrx_word' id='word_1_119' title='bbox 814 2360 839 2422; x_wconf 92' lang='lat' dir='ltr'>si</span> <span class='ocrx_word' id='word_1_120' title='bbox 853 2358 1023 2444; x_wconf 83' lang='lat' dir='ltr'>proximus</span> <span class='ocrx_word' id='word_1_121' title='bbox 1039 2358 1122 2421; x_wconf 91' lang='lat' dir='ltr'>ami·</span> 
     </span>
     <span class='ocr_line' id='line_1_21' title="bbox 207 2461 1122 2544; baseline 0 -18"><span class='ocrx_word' id='word_1_122' title='bbox 207 2480 317 2526; x_wconf 87' lang='lat' dir='ltr'>corum</span> <span class='ocrx_word' id='word_1_123' title='bbox 347 2463 443 2526; x_wconf 89' lang='lat' dir='ltr'>nullis</span> <span class='ocrx_word' id='word_1_124' title='bbox 472 2463 633 2526; x_wconf 90' lang='lat' dir='ltr'>moriendi</span> <span class='ocrx_word' id='word_1_125' title='bbox 655 2464 832 2528; x_wconf 86' lang='lat' dir='ltr'>rationibus</span> <span class='ocrx_word' id='word_1_126' title='bbox 855 2463 955 2526; x_wconf 88' lang='lat' dir='ltr'>vitam</span> <span class='ocrx_word' id='word_1_127' title='bbox 978 2461 1122 2544; x_wconf 84' lang='lat' dir='ltr'>fugeret.</span> 
     </span>
     <span class='ocr_line' id='line_1_22' title="bbox 208 2565 1122 2632; baseline -0.001 -1"><span class='ocrx_word' id='word_1_128' title='bbox 208 2571 373 2631; x_wconf 87' lang='lat' dir='ltr'>aversatus</span> <span class='ocrx_word' id='word_1_129' title='bbox 396 2587 578 2631; x_wconf 89' lang='lat' dir='ltr'>sermonem</span> <span class='ocrx_word' id='word_1_130' title='bbox 593 2567 702 2632; x_wconf 83' lang='lat' dir='ltr'>Nerva</span> <span class='ocrx_word' id='word_1_131' title='bbox 718 2566 945 2631; x_wconf 84' lang='lat' dir='ltr'>abstinentiam</span> <span class='ocrx_word' id='word_1_132' title='bbox 963 2565 1026 2630; x_wconf 92' lang='lat' dir='ltr'>cibi</span> <span class='ocrx_word' id='word_1_133' title='bbox 1041 2584 1122 2630; x_wconf 88' lang='lat' dir='ltr'>con·</span> 
     </span>
     <span class='ocr_line' id='line_1_23' title="bbox 207 2669 1120 2754; baseline 0.004 -22"><span class='ocrx_word' id='word_1_134' title='bbox 207 2670 324 2734; x_wconf 88' lang='lat' dir='ltr'>iunxit.</span> <span class='ocrx_word' id='word_1_135' title='bbox 360 2670 508 2734; x_wconf 86' lang='lat' dir='ltr'>ferebant</span> <span class='ocrx_word' id='word_1_136' title='bbox 529 2672 622 2754; x_wconf 89' lang='lat' dir='ltr'>gnari</span> <span class='ocrx_word' id='word_1_137' title='bbox 641 2672 873 2754; x_wconf 87' lang='lat' dir='ltr'>cogitationum</span> <span class='ocrx_word' id='word_1_138' title='bbox 894 2669 973 2752; x_wconf 90' lang='lat' dir='ltr'>eius,</span> <span class='ocrx_word' id='word_1_139' title='bbox 997 2676 1120 2753; x_wconf 86' lang='lat' dir='ltr'>quanto</span> 
     </span>
    </p>

    <p class='ocr_par' dir='ltr' id='par_1_7' title="bbox 171 2773 1120 3046">
     <span class='ocr_line' id='line_1_24' title="bbox 171 2773 1120 2858; baseline 0.006 -26"><span class='ocrx_word' id='word_1_140' title='bbox 171 2795 195 2832; x_wconf 88' lang='lat' dir='ltr'>ro</span> <span class='ocrx_word' id='word_1_141' title='bbox 205 2773 338 2858; x_wconf 88' lang='lat' dir='ltr'>propius</span> <span class='ocrx_word' id='word_1_142' title='bbox 368 2774 454 2837; x_wconf 92' lang='lat' dir='ltr'>mala</span> <span class='ocrx_word' id='word_1_143' title='bbox 476 2776 524 2838; x_wconf 90' lang='lat' dir='ltr'>rei</span> <span class='ocrx_word' id='word_1_144' title='bbox 547 2774 695 2858; x_wconf 91' lang='lat' dir='ltr'>publicae</span> <span class='ocrx_word' id='word_1_145' title='bbox 725 2776 859 2853; x_wconf 86' lang='lat' dir='ltr'>viseret,</span> <span class='ocrx_word' id='word_1_146' title='bbox 890 2773 938 2838; x_wconf 90' lang='lat' dir='ltr'>ira</span> <span class='ocrx_word' id='word_1_147' title='bbox 960 2780 993 2838; x_wconf 87' lang='lat' dir='ltr'>at</span> <span class='ocrx_word' id='word_1_148' title='bbox 1018 2779 1120 2854; x_wconf 84' lang='lat' dir='ltr'>metu,</span> 
     </span>
     <span class='ocr_line' id='line_1_25' title="bbox 207 2876 1120 2962; baseline 0.003 -23"><span class='ocrx_word' id='word_1_149' title='bbox 207 2876 284 2940; x_wconf 92' lang='lat' dir='ltr'>dum</span> <span class='ocrx_word' id='word_1_150' title='bbox 308 2879 451 2960; x_wconf 84' lang='lat' dir='ltr'>integer,</span> <span class='ocrx_word' id='word_1_151' title='bbox 476 2877 552 2940; x_wconf 92' lang='lat' dir='ltr'>dum</span> <span class='ocrx_word' id='word_1_152' title='bbox 575 2879 801 2962; x_wconf 85' lang='lat' dir='ltr'>intemptatus,</span> <span class='ocrx_word' id='word_1_153' title='bbox 823 2877 997 2943; x_wconf 89' lang='lat' dir='ltr'>honestum</span> <span class='ocrx_word' id='word_1_154' title='bbox 1019 2877 1120 2942; x_wconf 90' lang='lat' dir='ltr'>finem</span> 
     </span>
     <span class='ocr_line' id='line_1_26' title="bbox 204 2981 353 3046; baseline 0.007 -2"><span class='ocrx_word' id='word_1_155' title='bbox 204 2981 353 3046; x_wconf 86' lang='lat' dir='ltr'>voluisse.</span> 
     </span>
    </p>

    <p class='ocr_par' dir='ltr' id='par_1_8' title="bbox 201 3083 1119 3273">
     <span class='ocr_line' id='line_1_27' title="bbox 269 3083 1117 3170; baseline 0 -22"><span class='ocrx_word' id='word_1_156' title='bbox 269 3083 421 3149; x_wconf 81' lang='lat' dir='ltr'>Ceterum</span> <span class='ocrx_word' id='word_1_157' title='bbox 433 3083 632 3170; x_wconf 82' lang='lat' dir='ltr'>Agrippinae</span> <span class='ocrx_word' id='word_1_158' title='bbox 648 3084 819 3168; x_wconf 89' lang='lat' dir='ltr'>pernicies,</span> <span class='ocrx_word' id='word_1_159' title='bbox 832 3083 920 3168; x_wconf 90' lang='lat' dir='ltr'>quod</span> <span class='ocrx_word' id='word_1_160' title='bbox 936 3085 992 3149; x_wconf 87' lang='lat' dir='ltr'>vix</span> <span class='ocrx_word' id='word_1_161' title='bbox 1009 3083 1117 3149; x_wconf 91' lang='lat' dir='ltr'>credi·</span> 
     </span>
     <span class='ocr_line' id='line_1_28' title="bbox 201 3187 1119 3273; baseline 0.002 -22"><span class='ocrx_word' id='word_1_162' title='bbox 201 3187 278 3269; x_wconf 90' lang='lat' dir='ltr'>bile,</span> <span class='ocrx_word' id='word_1_163' title='bbox 301 3187 488 3253; x_wconf 84' lang='lat' dir='ltr'>Plancinam</span> <span class='ocrx_word' id='word_1_164' title='bbox 510 3189 618 3252; x_wconf 84' lang='lat' dir='ltr'>traxit.</span> <span class='ocrx_word' id='word_1_165' title='bbox 651 3194 752 3273; x_wconf 87' lang='lat' dir='ltr'>nupta</span> <span class='ocrx_word' id='word_1_166' title='bbox 775 3189 851 3253; x_wconf 91' lang='lat' dir='ltr'>olim</span> <span class='ocrx_word' id='word_1_167' title='bbox 869 3187 928 3252; x_wconf 78' lang='lat' dir='ltr'>(iu.</span> <span class='ocrx_word' id='word_1_168' title='bbox 947 3188 1061 3252; x_wconf 91' lang='lat' dir='ltr'>Pisoni</span> <span class='ocrx_word' id='word_1_169' title='bbox 1084 3195 1119 3253; x_wconf 85' lang='lat' dir='ltr'>at</span> 
     </span>
    </p>

    <p class='ocr_par' dir='ltr' id='par_1_9' title="bbox 169 3290 1118 3582">
     <span class='ocr_line' id='line_1_29' title="bbox 169 3290 1118 3377; baseline -0.003 -18"><span class='ocrx_word' id='word_1_170' title='bbox 169 3320 195 3359; x_wconf 80' lang='lat'>15</span> <span class='ocrx_word' id='word_1_171' title='bbox 204 3292 310 3377; x_wconf 89' lang='lat' dir='ltr'>palam</span> <span class='ocrx_word' id='word_1_172' title='bbox 332 3293 418 3356; x_wconf 88' lang='lat' dir='ltr'>lacta</span> <span class='ocrx_word' id='word_1_173' title='bbox 439 3298 543 3356; x_wconf 90' lang='lat' dir='ltr'>morte</span> <span class='ocrx_word' id='word_1_174' title='bbox 564 3291 757 3374; x_wconf 83' lang='lat' dir='ltr'>Germanici,</span> <span class='ocrx_word' id='word_1_175' title='bbox 781 3313 853 3356; x_wconf 92' lang='lat' dir='ltr'>cum</span> <span class='ocrx_word' id='word_1_176' title='bbox 872 3292 948 3356; x_wconf 90' lang='lat' dir='ltr'>Piso</span> <span class='ocrx_word' id='word_1_177' title='bbox 973 3290 1118 3374; x_wconf 87' lang='lat' dir='ltr'>caderet,</span> 
     </span>
     <span class='ocr_line' id='line_1_30' title="bbox 203 3393 1117 3481; baseline 0.001 -23"><span class='ocrx_word' id='word_1_178' title='bbox 203 3394 352 3479; x_wconf 90' lang='lat' dir='ltr'>precibus</span> <span class='ocrx_word' id='word_1_179' title='bbox 374 3393 542 3478; x_wconf 82' lang='lat' dir='ltr'>Augustae</span> <span class='ocrx_word' id='word_1_180' title='bbox 570 3417 629 3460; x_wconf 92' lang='lat' dir='ltr'>nec</span> <span class='ocrx_word' id='word_1_181' title='bbox 658 3395 762 3459; x_wconf 92' lang='lat' dir='ltr'>minus</span> <span class='ocrx_word' id='word_1_182' title='bbox 791 3397 966 3461; x_wconf 90' lang='lat' dir='ltr'>inimicitiis</span> <span class='ocrx_word' id='word_1_183' title='bbox 994 3394 1117 3481; x_wconf 90' lang='lat' dir='ltr'>Agrip·</span> 
     </span>
     <span class='ocr_line' id='line_1_31' title="bbox 203 3497 1116 3582; baseline 0.008 -24"><span class='ocrx_word' id='word_1_184' title='bbox 203 3497 298 3580; x_wconf 90' lang='lat' dir='ltr'>piuae</span> <span class='ocrx_word' id='word_1_185' title='bbox 324 3498 455 3562; x_wconf 84' lang='lat' dir='ltr'>defensa</span> <span class='ocrx_word' id='word_1_186' title='bbox 480 3505 559 3562; x_wconf 88' lang='lat' dir='ltr'>crat.</span> <span class='ocrx_word' id='word_1_187' title='bbox 597 3506 633 3562; x_wconf 90' lang='lat' dir='ltr'>ut</span> <span class='ocrx_word' id='word_1_188' title='bbox 657 3498 768 3563; x_wconf 90' lang='lat' dir='ltr'>odium</span> <span class='ocrx_word' id='word_1_189' title='bbox 792 3505 824 3563; x_wconf 92' lang='lat' dir='ltr'>et</span> <span class='ocrx_word' id='word_1_190' title='bbox 847 3501 952 3582; x_wconf 92' lang='lat' dir='ltr'>gratia</span> <span class='ocrx_word' id='word_1_191' title='bbox 976 3499 1116 3582; x_wconf 84' lang='lat' dir='ltr'>desiere,</span> 
     </span>
    </p>
   </div>
   <div class='ocr_carea' id='block_1_3' title="bbox 0 0 1254 4004">
    <p class='ocr_par' dir='ltr' id='par_1_10' title="bbox 0 0 1254 4004">
     <span class='ocr_line' id='line_1_32' title="bbox 0 0 1254 4004; baseline 0 2"><span class='ocrx_word' id='word_1_192' title='bbox 0 0 1254 4004; x_wconf 95' lang='lat' dir='ltr'> </span> 
     </span>
    </p>
   </div>
  </div>
 </body>
</html>
