2498 4010
218 278 256 334 40
548 283 685 322 CORNELII
699 283 796 322 rhem

218 442 331 523 tradit;
355 441 491 506 totidem
514 443 676 526 legiones,
701 443 861 529 duplicem
885 445 1046 509 sociorum
1070 466 1129 509 nu·

198 567 342 611 smerum
358 547 425 630 ipse
437 546 535 629 ducit,
550 549 721 633 positoque
739 550 870 614 castello
885 571 982 634 super
992 550 1131 633 vestigia

218 652 343 736 paterni
358 651 511 735 praesidii
527 651 559 715 in
574 658 684 716 monte
700 652 811 717 Tauno
829 653 1017 737 expeditum
1034 674 1129 718 exer-

219 757 316 820 citum
339 756 372 818 in
390 755 524 820 Chattos
539 756 633 840 rapit,
656 756 693 820 L.
709 755 856 841 Apronio
873 757 914 820 ad
933 759 1130 822 munitiones
1232 822 1233 831 ,

218 861 341 925 viarum
374 867 407 924 et
443 860 608 924 fluminum
646 861 770 926 relicto.
815 885 889 927 nam
922 861 1043 943 (rarum
1083 863 1131 926 illi

220 962 327 1047 caclo)
358 964 499 1029 siccitate
529 972 562 1029 et
593 966 736 1030 amnibus
769 967 904 1031 modicis
935 967 1130 1032 inoffensum
1232 1037 1233 1050 ,

185 1094 210 1132 10
219 1072 281 1134 iter
309 1074 539 1154 properaverat
562 1070 744 1154 imbresque
767 1077 801 1136 et
827 1072 993 1135 fluminum
1016 1078 1131 1135 auctus

219 1173 417 1257 regredienti
446 1174 681 1238 metuebantur.
727 1175 784 1240 scd
816 1176 940 1242 Chattis
970 1177 1053 1240 adeo
1080 1177 1129 1240 in·
1233 1243 1234 1252 ,

221 1280 367 1365 provisus
390 1276 534 1360 advenit,
564 1286 600 1342 ut
623 1279 709 1364 quod
737 1280 935 1345 imbecillum
962 1287 1068 1345 aetate
1093 1302 1132 1344 ac
1233 1257 1234 1336 1

221 1405 302 1448 sexu
324 1383 431 1446 statim
454 1388 582 1467 captum
599 1389 654 1446 aut
676 1384 869 1448 trucidatum
892 1385 942 1447 sit.
979 1385 1130 1448 iuventus

221 1487 386 1552 Adranam
422 1486 529 1550 nando
567 1488 747 1552 tramiserat
780 1487 1008 1572 Romanosque
1048 1510 1130 1574 pon·

188 1599 287 1657 retem
318 1591 496 1675 coeptantis
526 1592 687 1656 arcebant.
734 1591 808 1654 dein
840 1593 1008 1656 tormentis
1031 1594 1131 1677 sagit-

222 1677 326 1780 tisque
341 1694 435 1779 pulsi,
457 1695 622 1778 temptatis
637 1694 755 1758 frustra
770 1695 1010 1760 condicionibus
1032 1697 1132 1782 pacis,

224 1822 294 1864 cum
318 1800 448 1884 quidam
466 1798 507 1862 ad
524 1798 750 1863 Germanicum
769 1798 994 1883 perfugissent,
1015 1801 1133 1885 reliqui

224 1905 349 1968 omissis
388 1903 480 1988 pagis
511 1903 653 1987 vicisque
692 1904 725 1966 in
757 1904 853 1967 silvas
895 1903 1131 1987 disperguntur.

224 2009 344 2074 Caesar
371 2009 502 2072 incenso
532 2008 646 2072 Mattio
679 2006 725 2088 (id
756 2009 846 2092 genti
879 2007 987 2091 caput)
1020 2015 1134 2092 aperta

188 2138 213 2178 11
223 2115 395 2198 populatus
426 2113 523 2175 vertit
554 2112 595 2175 ad
627 2112 796 2194 Rhenum,
829 2134 895 2178 non
927 2135 1004 2178 auso
1038 2114 1133 2178 hoste

139 2255 141 2258 -
222 2224 315 2300 terga
338 2216 522 2280 abeuntium
546 2216 714 2299 lacessere,
741 2216 828 2300 quod
851 2217 897 2279 illi
919 2218 1027 2299 moris,
1052 2237 1133 2302 quo·

223 2322 305 2386 tiens
337 2326 408 2383 astu
439 2319 542 2400 magis
572 2339 665 2402 quam
700 2340 759 2404 per
788 2319 994 2384 formidinem
1026 2321 1133 2384 cessit.

223 2425 332 2490 fuerat·
350 2423 475 2486 animus
500 2421 670 2486 Cheruscis
692 2423 802 2487 iuvare
828 2422 972 2504 Chattos,
995 2423 1053 2488 sed
1077 2445 1133 2488 111-

224 2530 337 2593 1111111
361 2528 499 2593 Caecina
521 2528 582 2592 huc
604 2528 681 2592 illuc
702 2528 809 2593 ferens
824 2550 928 2611 arma3
952 2533 985 2593 et
1007 2529 1134 2594 Marsos

190 2657 215 2695 11
226 2632 379 2716 congredi
402 2653 496 2695 ausos
519 2651 674 2716 prospero
698 2633 823 2718 proelio
848 2633 998 2698 cohibuit.

289 2736 342 2798 57.
373 2733 488 2818 Neque
504 2735 604 2799 multo
628 2741 703 2820 post
724 2736 825 2822 legati
847 2760 867 2803 a
884 2739 1019 2823 Segeste
1034 2759 1134 2802 vene-

224 2847 298 2903 runt
320 2838 474 2903 auxilium
498 2846 626 2903 orantes
655 2837 809 2905 adversus
832 2841 896 2904 vim
919 2841 1134 2925 popularium,

225 2966 244 3006 a
267 2944 337 3028 quis
360 2941 670 3024 circumsedebatur,
692 2944 849 3010 validiore
872 2945 957 3029 apud
990 2966 1046 3009 eos
1069 2943 1134 3008 Ar-

225 3047 334 3128 minio,
364 3045 514 3128 quoniam
537 3045 659 3110 bellum
683 3048 855 3113 suadebat:
885 3071 958 3113 nam
981 3049 1135 3131 barbaris,

205 3155 345 3237 equanto
365 3150 435 3234 quis
457 3149 592 3214 audacia
614 3157 791 3235 promptus,
815 3159 904 3217 tento
927 3154 1030 3239 magis
1052 3153 1135 3216 fidus

226 3257 386 3341 rebusque
396 3255 489 3318 motis
505 3257 612 3339 potior
624 3256 771 3321 habetur.
803 3257 1135 3341 addideratSegestes

225 3362 342 3445 legatis
364 3359 475 3440 filium,
498 3360 627 3424 nomine
652 3359 899 3444 Segimundum:
930 3360 986 3424 sed
1009 3361 1136 3424 iuvenis

228 3464 423 3529 conscientia
445 3463 662 3528 cunctabatur.
709 3465 826 3549 quippe
856 3486 939 3528 anno
965 3486 1027 3550 quo
1052 3464 1134 3530 Ger·
