2444 4010
283 277 320 315 nn
335 277 462 317 nxcnssu
476 277 541 317 mvr
555 277 683 317 nueusnr
696 279 731 318 111
744 277 830 317 ta-as.
958 273 1013 330 145

100 442 210 523 patres
233 437 419 523 conscripti,
451 457 559 500 curam
581 436 716 501 sustinet
738 437 904 523 princeps3
934 439 1014 506 haec

101 541 221 608 omissa
252 541 394 607 funditus
425 562 494 606 rem
525 541 686 628 publicam
716 542 831 606 trahet.
883 545 1015 628 reliquis

99 645 185 711 intra
214 646 353 711 animum
378 645 589 711 medendum:
619 667 679 710 nos
702 647 823 732 pudor,
853 668 1050 734 paupercsao

100 749 291 830 necessitas,
324 749 439 814 divites
470 749 568 814 satias
598 750 631 814 in
661 750 776 816 melius
800 757 913 816 mutet.
959 762 1015 817 ant

101 853 200 939 siquis
224 875 266 918 ex
288 854 527 937 magistratibus
549 861 671 920 tantam
693 855 883 921 industriam
906 880 944 922 ao
965 880 1014 922 se-

100 958 273 1023 veritatem
294 958 482 1043 pollicetur,
509 962 544 1022 ut
566 957 612 1023 irc
637 959 765 1024 obviam
788 966 899 1044 queat,
930 961 1015 1026 hunc

102 1083 165 1147 ego
186 1069 218 1128 et
232 1061 330 1127 lando
348 1069 381 1126 et
396 1063 567 1127 exonerari
587 1063 735 1127 laborum
755 1072 881 1150 partem
895 1066 1014 1131 fateor:
1056 1083 1059 1090 ⁴

100 1168 152 1234 sin
174 1188 324 1232 accusare
346 1167 425 1232 vitia
445 1167 575 1249 volunt,
600 1167 691 1246 dein,
716 1191 788 1233 oum
811 1170 947 1256 gloriam
968 1171 1051 1236 reios

102 1272 223 1357 adepti,
247 1271 425 1335 simultates
441 1271 563 1335 faciunt
582 1291 619 1335 ac
634 1271 713 1335 mihi
728 1273 923 1358 relinquunt,
948 1296 1017 1340 ore·

103 1377 181 1460 dite,
197 1384 306 1462 patres
319 1376 499 1460 conscripti,
515 1396 567 1440 me
583 1395 711 1460 quoque
724 1397 789 1441 non
802 1373 1018 1444 offensionum

103 1480 250 1546 avidum:
280 1503 359 1566 quas
388 1501 461 1544 cum
484 1500 600 1565 graves
625 1485 658 1545 et
680 1482 870 1566 plerumque
893 1484 1018 1567 iniquas

103 1607 163 1671 pro
186 1607 222 1650 re
245 1584 374 1670 publica
397 1585 578 1669 suscipiam,
603 1584 715 1648 inanes
733 1591 765 1650 et
782 1573 894 1650 inritas
912 1607 1018 1671 nequo

103 1690 182 1754 mihi
205 1695 260 1754 aut
281 1691 373 1755 vobis
396 1689 468 1753 usui
490 1689 614 1752 futuras
638 1687 706 1753 iuro
730 1687 910 1773 deprecor.‘
1026 1713 1051 1752 40

170 1795 222 1859 55.
251 1792 382 1859 Auditis
399 1793 546 1858 Caesaris
569 1792 685 1856 litteris
704 1793 837 1857 remissa
860 1793 1018 1859 aedilibus

104 1898 179 1963 talis
203 1920 304 1980 cura3,
320 1897 481 1980 luxusque
504 1916 637 1960 mensae
665 1918 684 1961 a
706 1897 769 1962 fine
792 1895 919 1962 Actiaci
942 1898 1041 1964 belli>

105 2005 147 2068 ad
171 2026 210 2069 ea
231 2024 335 2085 arma,
366 2003 436 2086 quis
459 2000 590 2066 Servius
614 1999 719 2066 Galba
747 2021 855 2065 rerum
885 2003 1018 2086 potitus,

106 2130 164 2193 per
199 2129 301 2196 annos
336 2113 465 2172 centnm
499 2105 638 2191 profusis
670 2106 851 2190 sumptibus
884 2108 1019 2172 exerciti

106 2211 261 2298 paulatim
284 2211 468 2276 exolevere.
507 2230 618 2274 causas
635 2209 703 2273 eius
717 2210 904 2275 mutationis
920 2232 1041 2296 quae-s

105 2337 177 2381 rere
200 2315 289 2381 libet.
327 2315 409 2380 dites
425 2316 501 2379 olim
518 2315 657 2379 familiae
675 2314 831 2379 nobilium
851 2323 908 2381 aut
927 2317 1018 2382 clari·

105 2419 219 2485 tudine
251 2420 393 2504 insignes
433 2418 538 2483 studio
579 2418 836 2502 magnificentiae
873 2422 1021 2505 prolabe-

106 2527 233 2590 bantur.
284 2545 358 2588 nam
392 2523 489 2588 ctiam
519 2529 588 2586 tum
618 2522 749 2607 plebem
783 2524 888 2588 socios
920 2545 1021 2611 regna

107 2630 215 2693 colere
247 2631 279 2691 et
302 2627 365 2691 coli
387 2627 524 2707 licitum;
558 2632 595 2690 ut
623 2626 759 2710 quisque
783 2628 897 2713 opibus
922 2630 1018 2693 domo

106 2739 221 2818 paratu
261 2733 445 2816 speciosus,
497 2730 611 2816 populi
647 2731 787 2795 Romani
826 2753 945 2797 nomen
987 2738 1053 2796 etro

107 2838 258 2903 clientela
277 2837 442 2902 inlustrior
458 2835 646 2900 habebatur.
678 2841 849 2922 postquam
868 2837 1020 2902 caedibus

106 2943 265 3008 saevitum
300 2948 332 3007 et
362 2940 551 3024 magnitudo
584 2940 688 3004 famae
722 2941 821 3004 exitio
854 2949 938 3025 erat,
978 2940 1019 3006 ad

106 3047 303 3133 sapientiora
334 3050 535 3110 convertere.
590 3044 685 3108 simul
716 3045 791 3108 novi
822 3043 968 3109 homines
1000 3065 1018 3108 e

106 3151 288 3238 municipiis
317 3157 350 3217 et
382 3151 516 3215 coloniis
545 3155 641 3234 atque
672 3148 770 3212 etiam
791 3149 964 3232 provinciis
986 3149 1019 3212 in

107 3262 255 3323 senatum
270 3256 380 3320 crebro
396 3253 557 3338 adsumpti
569 3251 780 3318 domesticam
791 3251 1018 3336 parsimoniam
1028 3276 1054 3315 15

106 3361 285 3426 intulerunt
316 3366 364 3442 et,
397 3377 589 3442 quamquam
619 3355 749 3420 fortuna
778 3355 832 3420 vel
863 3354 1020 3422 industria

107 3465 254 3552 plerique
288 3463 497 3549 pecuniosam
530 3460 573 3524 ad
606 3464 769 3525 senectam
802 3462 1019 3545 pervenirent,

161 3575 281 3616 cornelius
294 3576 396 3615 Tacitus,
421 3576 439 3614 1.
848 3567 863 3616 9
