2444 4010
229 351 285 408 182
561 354 699 395 coauann
713 353 812 395 raom

226 520 296 578 turn
318 512 457 597 antiquis
480 511 688 597 scriptoribus
710 534 801 578 rarus
823 514 1021 578 obtrectator
1036 531 1141 595 neque

226 619 324 683 refert
345 618 531 701 cuiusquam
547 616 685 681 Punicas
700 616 907 684 Romanasne
924 617 1009 683 acies
1025 618 1143 683 laetius

227 724 398 788 extuleris:
422 728 455 787 at
478 723 662 806 multorum,
685 722 741 807 qui
762 723 893 788 Tiberio
912 727 1049 807 regente
1063 743 1143 806 poe·

225 849 282 892 nas
305 826 358 892 vel
380 826 544 890 infamiam
567 826 705 908 subiere,
728 827 851 910 posteri
865 832 1008 892 manent.
1043 833 1143 911 utque

191 932 366 996 etfamiliae
388 931 477 1015 ipsae
500 930 565 996 iam
587 929 749 996 extinctae
770 930 842 1013 sint,
865 931 1008 1017 reperias
1031 931 1089 1014 qui
1104 932 1143 995 ob

225 1034 467 1101 similitudinem
491 1054 617 1098 morum
639 1033 745 1098 aliena
762 1033 938 1122 'malefacta
957 1033 1019 1098 sibi
1035 1036 1145 1100 obiec-

225 1141 285 1206 tari
309 1145 432 1226 putent.
471 1139 567 1204 ctiam
587 1139 691 1224 gloria
705 1159 744 1202 ac
758 1139 860 1204 virtus
874 1137 1019 1204 infensos
1033 1139 1143 1220 habet,

225 1250 261 1309 ut
290 1245 382 1308 nimis
406 1264 448 1308 ex
470 1243 650 1328 propinquo
675 1240 802 1308 diversa
825 1263 973 1327 arguens.
1020 1242 1083 1308 sed
1105 1242 1144 1306 ad

227 1352 343 1432 coepta
365 1347 477 1414 redeo.

292 1455 342 1517 34.
377 1452 530 1517 Cornelio
562 1450 665 1516 Cosso
689 1449 804 1514 Asinio
827 1448 976 1535 Agrippa
1005 1452 1143 1517 consuli·

108 1623 122 1642 ‚
225 1557 284 1620 bus
309 1555 490 1620 Cremutius
514 1553 640 1618 Gordus
668 1554 866 1639 postulatur,
895 1575 980 1618 novo
1006 1576 1042 1620 ao
1068 1561 1142 1621 tunc

226 1661 363 1746 primum
382 1659 492 1724 audito
510 1658 650 1739 erimine,
673 1657 763 1743 quod
779 1656 874 1722 editis
890 1659 1060 1723 annalibus
1076 1660 1142 1723 lau-

228 1764 366 1850 datoque
393 1764 437 1830 M.
459 1761 561 1829 Bruto
587 1762 624 1828 Ο.
649 1761 796 1826 Cassium
817 1761 1039 1832 Romanorum
1071 1765 1143 1829 ulti·

205 1890 314 1938 amum
347 1866 490 1932 dixisset.
536 1866 729 1931 accusabant
757 1865 880 1930 Satrius
910 1865 1082 1932 Secundus
1115 1875 1144 1932 et

226 1972 373 2037 Pinarius
399 1971 515 2053 Natta,
544 1970 653 2034 Seiani
683 1970 826 2036 clientes.
870 1971 903 2034 id
934 1971 1143 2056 perniciabile

226 2098 284 2141 reo
308 2082 340 2140 et
364 2075 484 2140 Caesar
506 2072 589 2138 truci
611 2074 704 2138 vultu
726 2073 949 2140 defensionem
972 2077 1143 2162 accipiens,

227 2201 323 2264 quam
358 2179 540 2244 Cremutius
577 2177 810 2262 relinquendae
847 2179 933 2244 vitae
967 2185 1077 2246 certus
1113 2181 1143 2244 in

226 2287 311 2350 hunc
343 2282 474 2349 modum
506 2304 642 2348 exorsus
675 2291 739 2348 est:
775 2285 885 2366 ‚verba
914 2306 1003 2368 mea,
1034 2292 1143 2370 patres

193 2418 218 2456 ιο
227 2386 419 2472 conscripti,
452 2391 644 2470 arguuntur:
682 2385 764 2451 adeo
798 2387 955 2452 laetorum
987 2388 1142 2454 innocens
1211 2429 1212 2436 κ

227 2511 308 2558 sum.
346 2489 404 2554 sed
427 2510 532 2574 neque
554 2492 636 2555 haee
658 2489 692 2556 in
714 2491 892 2577 prinoipem
913 2497 968 2556 aut
987 2493 1143 2578 principis

226 2599 409 2680 parentem,
433 2615 512 2679 quos
535 2594 589 2659 lex
612 2596 789 2660 maiestatis
812 2597 1032 2681 amplectitur:
1060 2598 1141 2662 Bru·

226 2705 296 2764 tum
316 2703 349 2762 et
365 2697 512 2762 Cassium
525 2697 708 2764 laudavisse
726 2699 825 2783 dicor,
849 2721 985 2784 quorum
1000 2723 1054 2767 res
1069 2723 1142 2785 ges·

228 2810 287 2886 tas,
311 2822 383 2868 cum
404 2802 534 2887 plurimi
550 2804 799 2890 composuerint,
821 2827 916 2872 nemo
933 2807 1002 2871 sine
1018 2809 1140 2872 honore

193 2905 428 2982 15memoravit.
472 2905 563 2970 Titus
594 2907 725 2992 Livius,
760 2909 965 2993 eloquentiae
997 2933 1035 2976 ac
1067 2911 1140 2976 fidei
1209 2977 1210 2998 χ

227 3011 410 3097 praeclarus
439 3009 472 3076 in
498 3011 625 3096 primis,
657 3011 715 3077 On.
738 3013 931 3099 Pompeium
952 3016 1051 3080 tantis
1073 3019 1139 3082 lau-

228 3115 322 3180 dibus
344 3114 428 3198 tulit,
451 3122 487 3180 ut
501 3115 737 3206 Pompeianum
759 3140 833 3183 eum
847 3118 1014 3205 Augustus
1030 3122 1139 3207 appel-

227 3220 322 3300 laret;
341 3239 446 3302 neque
461 3219 496 3283 id
511 3221 669 3286 amicitiae
682 3243 794 3286 eorum
807 3223 925 3288 offecit.
948 3224 1139 3310 Scipionem,
1208 3203 1209 3218 i

227 3323 412 3404 Afranium,
444 3324 529 3387 hunc
561 3325 667 3409 ipsum
699 3326 861 3412 Cassium,
892 3329 976 3394 hunc
1005 3331 1139 3396 Brutum

194 3446 385 3510 20nusquam
413 3426 555 3492 latrones
586 3435 618 3494 et
646 3432 835 3518 parricidas,
866 3455 947 3519 quae
975 3458 1059 3501 nunc
1084 3457 1138 3500 vo·

231 3528 343 3593 cabula
356 3530 562 3614 inponuntur,
579 3553 676 3619 saepe
690 3541 725 3600 ut
739 3536 875 3622 insignis
890 3538 976 3604 viros
987 3540 1136 3606 nominat.
