<?xml version="1.0" encoding="UTF-8"?>
<!DOCTYPE html PUBLIC "-//W3C//DTD XHTML 1.0 Transitional//EN"
    "http://www.w3.org/TR/xhtml1/DTD/xhtml1-transitional.dtd">
<html xmlns="http://www.w3.org/1999/xhtml" xml:lang="en" lang="en">
 <head>
  <title>
</title>
<meta http-equiv="Content-Type" content="text/html;charset=utf-8" />
  <meta name='ocr-system' content='tesseract 3.04.00' />
  <meta name='ocr-capabilities' content='ocr_page ocr_carea ocr_par ocr_line ocrx_word'/>
</head>
<body>
  <div class='ocr_page' id='page_1' title='image "./annalen01tacigoog_0233.png"; bbox 0 0 2482 4014; ppageno 0'>
   <div class='ocr_carea' id='block_1_1' title="bbox 248 336 830 391">
    <p class='ocr_par' dir='ltr' id='par_1_1' title="bbox 248 336 830 391">
     <span class='ocr_line' id='line_1_1' title="bbox 248 336 830 391; baseline -0.021 0"><span class='ocrx_word' id='word_1_1' title='bbox 248 336 306 391; x_wconf 82' lang='lat'>220</span> <span class='ocrx_word' id='word_1_2' title='bbox 580 340 718 380; x_wconf 76' lang='lat' dir='ltr'>coenum</span> <span class='ocrx_word' id='word_1_3' title='bbox 731 343 830 381; x_wconf 75' lang='lat' dir='ltr'>sacrm</span> 
     </span>
    </p>
   </div>
   <div class='ocr_carea' id='block_1_2' title="bbox 212 497 1176 3606">
    <p class='ocr_par' dir='ltr' id='par_1_2' title="bbox 212 497 1176 3606">
     <span class='ocr_line' id='line_1_2' title="bbox 215 497 1158 585; baseline 0.007 -28"><span class='ocrx_word' id='word_1_4' title='bbox 215 519 326 563; x_wconf 82' lang='lat' dir='ltr'>ronere</span> <span class='ocrx_word' id='word_1_5' title='bbox 349 505 475 582; x_wconf 91' lang='lat' dir='ltr'>tempus</span> <span class='ocrx_word' id='word_1_6' title='bbox 493 497 626 562; x_wconf 92' lang='lat' dir='ltr'>ultionis</span> <span class='ocrx_word' id='word_1_7' title='bbox 649 519 748 582; x_wconf 87' lang='lat' dir='ltr'>seque</span> <span class='ocrx_word' id='word_1_8' title='bbox 773 519 881 563; x_wconf 91' lang='lat' dir='ltr'>coram</span> <span class='ocrx_word' id='word_1_9' title='bbox 898 501 1044 585; x_wconf 82' lang='lat' dir='ltr'>principe</span> <span class='ocrx_word' id='word_1_10' title='bbox 1068 521 1158 564; x_wconf 85' lang='lat' dir='ltr'>exse·</span> 
     </span>
     <span class='ocr_line' id='line_1_3' title="bbox 249 601 1159 688; baseline -0.002 -22"><span class='ocrx_word' id='word_1_11' title='bbox 249 608 411 680; x_wconf 84' lang='lat' dir='ltr'>cuturum3</span> <span class='ocrx_word' id='word_1_12' title='bbox 435 601 510 666; x_wconf 83' lang='lat' dir='ltr'>Trio</span> <span class='ocrx_word' id='word_1_13' title='bbox 534 601 783 667; x_wconf 82' lang='lat' dir='ltr'>aemulationem</span> <span class='ocrx_word' id='word_1_14' title='bbox 804 603 889 668; x_wconf 92' lang='lat' dir='ltr'>inter</span> <span class='ocrx_word' id='word_1_15' title='bbox 905 604 1048 688; x_wconf 91' lang='lat' dir='ltr'>collegas</span> <span class='ocrx_word' id='word_1_16' title='bbox 1073 610 1106 667; x_wconf 92' lang='lat' dir='ltr'>et</span> <span class='ocrx_word' id='word_1_17' title='bbox 1121 603 1159 665; x_wconf 90' lang='lat' dir='ltr'>si-</span> 
     </span>
     <span class='ocr_line' id='line_1_4' title="bbox 249 704 1159 791; baseline 0.001 -22"><span class='ocrx_word' id='word_1_18' title='bbox 249 726 311 790; x_wconf 94' lang='lat' dir='ltr'>qua</span> <span class='ocrx_word' id='word_1_19' title='bbox 328 704 492 769; x_wconf 86' lang='lat' dir='ltr'>discordes</span> <span class='ocrx_word' id='word_1_20' title='bbox 503 704 655 770; x_wconf 87' lang='lat' dir='ltr'>iecissent</span> <span class='ocrx_word' id='word_1_21' title='bbox 666 706 782 770; x_wconf 90' lang='lat' dir='ltr'>melius</span> <span class='ocrx_word' id='word_1_22' title='bbox 796 707 973 771; x_wconf 87' lang='lat' dir='ltr'>oblitterari</span> <span class='ocrx_word' id='word_1_23' title='bbox 983 706 1159 791; x_wconf 77' lang='lat' dir='ltr'>respondit.</span> 
     </span>
     <span class='ocr_line' id='line_1_5' title="bbox 247 807 1160 894; baseline 0.003 -22"><span class='ocrx_word' id='word_1_24' title='bbox 247 816 383 893; x_wconf 91' lang='lat' dir='ltr'>urgente</span> <span class='ocrx_word' id='word_1_25' title='bbox 399 807 548 893; x_wconf 83' lang='lat' dir='ltr'>Agrippa</span> <span class='ocrx_word' id='word_1_26' title='bbox 562 809 755 894; x_wconf 80' lang='lat' dir='ltr'>Sanquinius</span> <span class='ocrx_word' id='word_1_27' title='bbox 770 813 931 876; x_wconf 83' lang='lat' dir='ltr'>Maximus</span> <span class='ocrx_word' id='word_1_28' title='bbox 951 834 968 876; x_wconf 92' lang='lat' dir='ltr'>e</span> <span class='ocrx_word' id='word_1_29' title='bbox 986 812 1160 877; x_wconf 91' lang='lat' dir='ltr'>consulari-</span> 
     </span>
     <span class='ocr_line' id='line_1_6' title="bbox 247 912 1159 1000; baseline 0.005 -23"><span class='ocrx_word' id='word_1_30' title='bbox 247 913 308 977; x_wconf 91' lang='lat' dir='ltr'>bus</span> <span class='ocrx_word' id='word_1_31' title='bbox 332 912 435 978; x_wconf 90' lang='lat' dir='ltr'>oravit</span> <span class='ocrx_word' id='word_1_32' title='bbox 465 920 627 996; x_wconf 88' lang='lat' dir='ltr'>senatum,</span> <span class='ocrx_word' id='word_1_33' title='bbox 656 936 697 978; x_wconf 90' lang='lat' dir='ltr'>ne</span> <span class='ocrx_word' id='word_1_34' title='bbox 727 935 818 980; x_wconf 90' lang='lat' dir='ltr'>curas</span> <span class='ocrx_word' id='word_1_35' title='bbox 847 917 1055 1000; x_wconf 88' lang='lat' dir='ltr'>imperatoris</span> <span class='ocrx_word' id='word_1_36' title='bbox 1087 939 1159 982; x_wconf 89' lang='lat' dir='ltr'>eou-</span> 
     </span>
     <span class='ocr_line' id='line_1_7' title="bbox 215 1017 1160 1105; baseline 0.011 -29"><span class='ocrx_word' id='word_1_37' title='bbox 215 1018 371 1103; x_wconf 77' lang='lat' dir='ltr'>isquisitis</span> <span class='ocrx_word' id='word_1_38' title='bbox 399 1018 531 1101; x_wconf 85' lang='lat' dir='ltr'>insuper</span> <span class='ocrx_word' id='word_1_39' title='bbox 560 1017 786 1082; x_wconf 78' lang='lat' dir='ltr'>acerbitatibus</span> <span class='ocrx_word' id='word_1_40' title='bbox 810 1025 982 1105; x_wconf 90' lang='lat' dir='ltr'>augerent:</span> <span class='ocrx_word' id='word_1_41' title='bbox 1014 1022 1160 1086; x_wconf 88' lang='lat' dir='ltr'>sufficere</span> 
     </span>
     <span class='ocr_line' id='line_1_8' title="bbox 246 1121 1161 1210; baseline 0.005 -25"><span class='ocrx_word' id='word_1_42' title='bbox 246 1124 352 1208; x_wconf 90' lang='lat' dir='ltr'>ipsum</span> <span class='ocrx_word' id='word_1_43' title='bbox 382 1121 558 1186; x_wconf 88' lang='lat' dir='ltr'>statuendis</span> <span class='ocrx_word' id='word_1_44' title='bbox 587 1121 748 1186; x_wconf 85' lang='lat' dir='ltr'>remediis.</span> <span class='ocrx_word' id='word_1_45' title='bbox 794 1125 839 1188; x_wconf 88' lang='lat' dir='ltr'>sio</span> <span class='ocrx_word' id='word_1_46' title='bbox 861 1123 989 1210; x_wconf 90' lang='lat' dir='ltr'>Regulo</span> <span class='ocrx_word' id='word_1_47' title='bbox 1021 1125 1109 1189; x_wconf 90' lang='lat' dir='ltr'>salus</span> <span class='ocrx_word' id='word_1_48' title='bbox 1132 1134 1161 1190; x_wconf 89' lang='lat' dir='ltr'>et</span> 
     </span>
     <span class='ocr_line' id='line_1_9' title="bbox 246 1225 1160 1312; baseline 0.005 -22"><span class='ocrx_word' id='word_1_49' title='bbox 246 1228 357 1291; x_wconf 82' lang='lat' dir='ltr'>Trioni</span> <span class='ocrx_word' id='word_1_50' title='bbox 386 1225 496 1289; x_wconf 91' lang='lat' dir='ltr'>dilatio</span> <span class='ocrx_word' id='word_1_51' title='bbox 526 1226 615 1290; x_wconf 87' lang='lat' dir='ltr'>exitii</span> <span class='ocrx_word' id='word_1_52' title='bbox 640 1228 794 1311; x_wconf 88' lang='lat' dir='ltr'>quaesita.</span> <span class='ocrx_word' id='word_1_53' title='bbox 839 1229 994 1293; x_wconf 89' lang='lat' dir='ltr'>Haterius</span> <span class='ocrx_word' id='word_1_54' title='bbox 1018 1231 1160 1312; x_wconf 83' lang='lat' dir='ltr'>invisior,</span> 
     </span>
     <span class='ocr_line' id='line_1_10' title="bbox 248 1331 1162 1418; baseline 0.004 -21"><span class='ocrx_word' id='word_1_55' title='bbox 248 1335 324 1418; x_wconf 90' lang='lat' dir='ltr'>quia</span> <span class='ocrx_word' id='word_1_56' title='bbox 352 1353 465 1395; x_wconf 90' lang='lat' dir='ltr'>somno</span> <span class='ocrx_word' id='word_1_57' title='bbox 496 1338 550 1395; x_wconf 88' lang='lat' dir='ltr'>aut</span> <span class='ocrx_word' id='word_1_58' title='bbox 576 1331 756 1396; x_wconf 89' lang='lat' dir='ltr'>libidinosis</span> <span class='ocrx_word' id='word_1_59' title='bbox 786 1335 905 1416; x_wconf 90' lang='lat' dir='ltr'>vigiliis</span> <span class='ocrx_word' id='word_1_60' title='bbox 934 1337 1101 1401; x_wconf 88' lang='lat' dir='ltr'>marcidus</span> <span class='ocrx_word' id='word_1_61' title='bbox 1132 1345 1162 1401; x_wconf 92' lang='lat' dir='ltr'>et</span> 
     </span>
     <span class='ocr_line' id='line_1_11' title="bbox 249 1436 1160 1526; baseline 0.005 -26"><span class='ocrx_word' id='word_1_62' title='bbox 249 1437 290 1501; x_wconf 93' lang='lat' dir='ltr'>ob</span> <span class='ocrx_word' id='word_1_63' title='bbox 320 1436 490 1521; x_wconf 88' lang='lat' dir='ltr'>segnitiam</span> <span class='ocrx_word' id='word_1_64' title='bbox 520 1438 664 1520; x_wconf 88' lang='lat' dir='ltr'>quamvis</span> <span class='ocrx_word' id='word_1_65' title='bbox 694 1437 859 1502; x_wconf 87' lang='lat' dir='ltr'>crudelem</span> <span class='ocrx_word' id='word_1_66' title='bbox 886 1441 1070 1526; x_wconf 90' lang='lat' dir='ltr'>principem</span> <span class='ocrx_word' id='word_1_67' title='bbox 1100 1463 1160 1507; x_wconf 91' lang='lat' dir='ltr'>non</span> 
     </span>
     <span class='ocr_line' id='line_1_12' title="bbox 214 1539 1176 1630; baseline 0.005 -26"><span class='ocrx_word' id='word_1_68' title='bbox 214 1545 396 1605; x_wconf 79' lang='lat' dir='ltr'>20metuens</span> <span class='ocrx_word' id='word_1_69' title='bbox 419 1539 605 1604; x_wconf 86' lang='lat' dir='ltr'>inlustribus</span> <span class='ocrx_word' id='word_1_70' title='bbox 620 1543 696 1606; x_wconf 90' lang='lat' dir='ltr'>viris</span> <span class='ocrx_word' id='word_1_71' title='bbox 719 1544 896 1627; x_wconf 89' lang='lat' dir='ltr'>perniciem</span> <span class='ocrx_word' id='word_1_72' title='bbox 918 1546 1002 1609; x_wconf 90' lang='lat' dir='ltr'>inter</span> <span class='ocrx_word' id='word_1_73' title='bbox 1024 1539 1176 1630; x_wconf 84' lang='lat' dir='ltr'>ganeam</span> 
     </span>
     <span class='ocr_line' id='line_1_13' title="bbox 248 1646 472 1712; baseline -0.022 -1"><span class='ocrx_word' id='word_1_74' title='bbox 248 1646 472 1712; x_wconf 88' lang='lat' dir='ltr'>meditabatur.</span> 
     </span>
     <span class='ocr_line' id='line_1_14' title="bbox 313 1747 1159 1834; baseline 0.004 -21"><span class='ocrx_word' id='word_1_75' title='bbox 313 1753 342 1814; x_wconf 83' lang='lat'>5.</span> <span class='ocrx_word' id='word_1_76' title='bbox 374 1749 471 1813; x_wconf 84' lang='lat' dir='ltr'>Exim</span> <span class='ocrx_word' id='word_1_77' title='bbox 488 1747 585 1812; x_wconf 77' lang='lat' dir='ltr'>Cotta</span> <span class='ocrx_word' id='word_1_78' title='bbox 599 1749 800 1834; x_wconf 83' lang='lat' dir='ltr'>Messalinus,</span> <span class='ocrx_word' id='word_1_79' title='bbox 825 1753 1030 1818; x_wconf 89' lang='lat' dir='ltr'>saevissimae</span> <span class='ocrx_word' id='word_1_80' title='bbox 1055 1755 1159 1820; x_wconf 89' lang='lat' dir='ltr'>euius-</span> 
     </span>
     <span class='ocr_line' id='line_1_15' title="bbox 237 1855 1160 1941; baseline 0 -21"><span class='ocrx_word' id='word_1_81' title='bbox 237 1869 309 1941; x_wconf 79' lang='lat' dir='ltr'>&#39;que</span> <span class='ocrx_word' id='word_1_82' title='bbox 339 1855 517 1920; x_wconf 89' lang='lat' dir='ltr'>sententiae</span> <span class='ocrx_word' id='word_1_83' title='bbox 546 1860 659 1918; x_wconf 85' lang='lat' dir='ltr'>auctor</span> <span class='ocrx_word' id='word_1_84' title='bbox 689 1876 793 1940; x_wconf 90' lang='lat' dir='ltr'>eoque</span> <span class='ocrx_word' id='word_1_85' title='bbox 822 1856 1002 1921; x_wconf 87' lang='lat' dir='ltr'>inveterata</span> <span class='ocrx_word' id='word_1_86' title='bbox 1029 1857 1160 1939; x_wconf 87' lang='lat' dir='ltr'>invidia,</span> 
     </span>
     <span class='ocr_line' id='line_1_16' title="bbox 247 1957 1159 2045; baseline -0.001 -21"><span class='ocrx_word' id='word_1_87' title='bbox 247 1962 302 2025; x_wconf 93' lang='lat' dir='ltr'>ubi</span> <span class='ocrx_word' id='word_1_88' title='bbox 332 1962 470 2045; x_wconf 90' lang='lat' dir='ltr'>primum</span> <span class='ocrx_word' id='word_1_89' title='bbox 500 1958 635 2023; x_wconf 89' lang='lat' dir='ltr'>facultas</span> <span class='ocrx_word' id='word_1_90' title='bbox 660 1957 750 2041; x_wconf 90' lang='lat' dir='ltr'>data,</span> <span class='ocrx_word' id='word_1_91' title='bbox 781 1960 926 2044; x_wconf 86' lang='lat' dir='ltr'>arguitur</span> <span class='ocrx_word' id='word_1_92' title='bbox 947 1961 1109 2045; x_wconf 89' lang='lat' dir='ltr'>pleraque</span> <span class='ocrx_word' id='word_1_93' title='bbox 1130 1961 1159 2024; x_wconf 90' lang='lat' dir='ltr'>in</span> 
     </span>
     <span class='ocr_line' id='line_1_17' title="bbox 249 2061 1159 2148; baseline 0 -20"><span class='ocrx_word' id='word_1_94' title='bbox 249 2064 284 2128; x_wconf 83' lang='lat' dir='ltr'>O.</span> <span class='ocrx_word' id='word_1_95' title='bbox 299 2063 487 2128; x_wconf 80' lang='lat' dir='ltr'>Caesarem:</span> <span class='ocrx_word' id='word_1_96' title='bbox 505 2083 577 2126; x_wconf 94' lang='lat' dir='ltr'>cum</span> <span class='ocrx_word' id='word_1_97' title='bbox 594 2061 646 2126; x_wconf 88' lang='lat' dir='ltr'>die</span> <span class='ocrx_word' id='word_1_98' title='bbox 662 2063 761 2127; x_wconf 89' lang='lat' dir='ltr'>natali</span> <span class='ocrx_word' id='word_1_99' title='bbox 773 2062 942 2148; x_wconf 84' lang='lat' dir='ltr'>Augustae</span> <span class='ocrx_word' id='word_1_100' title='bbox 954 2065 1039 2129; x_wconf 88' lang='lat' dir='ltr'>inter</span> <span class='ocrx_word' id='word_1_101' title='bbox 1055 2087 1159 2130; x_wconf 89' lang='lat' dir='ltr'>saeer-</span> 
     </span>
     <span class='ocr_line' id='line_1_18' title="bbox 227 2167 1159 2251; baseline 0.005 -22"><span class='ocrx_word' id='word_1_102' title='bbox 227 2168 340 2232; x_wconf 78' lang='lat' dir='ltr'>sdotes</span> <span class='ocrx_word' id='word_1_103' title='bbox 358 2167 550 2251; x_wconf 85' lang='lat' dir='ltr'>epularetur,</span> <span class='ocrx_word' id='word_1_104' title='bbox 566 2167 792 2233; x_wconf 87' lang='lat' dir='ltr'>novendialem</span> <span class='ocrx_word' id='word_1_105' title='bbox 808 2190 1004 2234; x_wconf 85' lang='lat' dir='ltr'>camoenam</span> <span class='ocrx_word' id='word_1_106' title='bbox 1021 2169 1159 2248; x_wconf 80' lang='lat' dir='ltr'>dixisse3</span> 
     </span>
     <span class='ocr_line' id='line_1_19' title="bbox 247 2270 1160 2358; baseline 0 -22"><span class='ocrx_word' id='word_1_107' title='bbox 247 2293 447 2358; x_wconf 89' lang='lat' dir='ltr'>querensque</span> <span class='ocrx_word' id='word_1_108' title='bbox 470 2270 510 2333; x_wconf 91' lang='lat' dir='ltr'>de</span> <span class='ocrx_word' id='word_1_109' title='bbox 525 2271 671 2356; x_wconf 87' lang='lat' dir='ltr'>potentia</span> <span class='ocrx_word' id='word_1_110' title='bbox 685 2272 740 2336; x_wconf 83' lang='grc' dir='ltr'>Μ’.</span> <span class='ocrx_word' id='word_1_111' title='bbox 756 2272 873 2358; x_wconf 89' lang='lat' dir='ltr'>Lepidi</span> <span class='ocrx_word' id='word_1_112' title='bbox 896 2295 933 2338; x_wconf 89' lang='lat' dir='ltr'>ac</span> <span class='ocrx_word' id='word_1_113' title='bbox 948 2273 986 2337; x_wconf 90' lang='lat' dir='ltr'>L.</span> <span class='ocrx_word' id='word_1_114' title='bbox 1001 2273 1160 2354; x_wconf 86' lang='lat' dir='ltr'>Arruntii,</span> 
     </span>
     <span class='ocr_line' id='line_1_20' title="bbox 248 2374 1158 2460; baseline 0 -20"><span class='ocrx_word' id='word_1_115' title='bbox 248 2397 318 2440; x_wconf 89' lang='lat' dir='ltr'>cum</span> <span class='ocrx_word' id='word_1_116' title='bbox 341 2377 456 2458; x_wconf 92' lang='lat' dir='ltr'>quibus</span> <span class='ocrx_word' id='word_1_117' title='bbox 480 2374 521 2438; x_wconf 96' lang='lat' dir='ltr'>ob</span> <span class='ocrx_word' id='word_1_118' title='bbox 539 2395 609 2439; x_wconf 91' lang='lat' dir='ltr'>rem</span> <span class='ocrx_word' id='word_1_119' title='bbox 624 2375 842 2459; x_wconf 90' lang='lat' dir='ltr'>pecuniariam</span> <span class='ocrx_word' id='word_1_120' title='bbox 866 2375 1081 2460; x_wconf 90' lang='lat' dir='ltr'>disceptabat,</span> <span class='ocrx_word' id='word_1_121' title='bbox 1106 2376 1158 2440; x_wconf 90' lang='lat' dir='ltr'>ad-</span> 
     </span>
     <span class='ocr_line' id='line_1_21' title="bbox 248 2478 1159 2563; baseline 0.001 -21"><span class='ocrx_word' id='word_1_122' title='bbox 248 2479 385 2543; x_wconf 88' lang='lat' dir='ltr'>didisse:</span> <span class='ocrx_word' id='word_1_123' title='bbox 410 2478 493 2559; x_wconf 90' lang='lat' dir='ltr'>,illos</span> <span class='ocrx_word' id='word_1_124' title='bbox 516 2478 646 2562; x_wconf 91' lang='lat' dir='ltr'>quidem</span> <span class='ocrx_word' id='word_1_125' title='bbox 664 2484 803 2563; x_wconf 88' lang='lat' dir='ltr'>senatus,</span> <span class='ocrx_word' id='word_1_126' title='bbox 825 2487 1003 2544; x_wconf 83' lang='lat' dir='ltr'>meantem</span> <span class='ocrx_word' id='word_1_127' title='bbox 1018 2480 1159 2544; x_wconf 88' lang='lat' dir='ltr'>tuebitur</span> 
     </span>
     <span class='ocr_line' id='line_1_22' title="bbox 245 2581 1158 2669; baseline -0.002 -21"><span class='ocrx_word' id='word_1_128' title='bbox 245 2583 427 2649; x_wconf 80' lang='lat' dir='ltr'>Tiberiolus</span> <span class='ocrx_word' id='word_1_129' title='bbox 450 2581 562 2648; x_wconf 89' lang='lat' dir='ltr'>meus‘.</span> <span class='ocrx_word' id='word_1_130' title='bbox 595 2605 677 2668; x_wconf 92' lang='lat' dir='ltr'>quae</span> <span class='ocrx_word' id='word_1_131' title='bbox 694 2588 808 2648; x_wconf 88' lang='lat' dir='ltr'>cuneta</span> <span class='ocrx_word' id='word_1_132' title='bbox 830 2605 849 2648; x_wconf 93' lang='lat' dir='ltr'>a</span> <span class='ocrx_word' id='word_1_133' title='bbox 871 2585 1067 2669; x_wconf 88' lang='lat' dir='ltr'>primoribus</span> <span class='ocrx_word' id='word_1_134' title='bbox 1085 2585 1158 2649; x_wconf 89' lang='lat' dir='ltr'>civi-</span> 
     </span>
     <span class='ocr_line' id='line_1_23' title="bbox 213 2687 1157 2774; baseline 0.002 -24"><span class='ocrx_word' id='word_1_135' title='bbox 213 2712 238 2750; x_wconf 88' lang='lat'>10</span> <span class='ocrx_word' id='word_1_136' title='bbox 246 2691 320 2753; x_wconf 91' lang='lat' dir='ltr'>tatis</span> <span class='ocrx_word' id='word_1_137' title='bbox 348 2687 572 2773; x_wconf 85' lang='lat' dir='ltr'>revincebatur</span> <span class='ocrx_word' id='word_1_138' title='bbox 602 2691 704 2773; x_wconf 88' lang='lat' dir='ltr'>iisque</span> <span class='ocrx_word' id='word_1_139' title='bbox 734 2689 925 2753; x_wconf 87' lang='lat' dir='ltr'>instantibus</span> <span class='ocrx_word' id='word_1_140' title='bbox 955 2688 996 2752; x_wconf 91' lang='lat' dir='ltr'>ad</span> <span class='ocrx_word' id='word_1_141' title='bbox 1019 2689 1157 2774; x_wconf 90' lang='lat' dir='ltr'>impera·</span> 
     </span>
     <span class='ocr_line' id='line_1_24' title="bbox 245 2791 1156 2878; baseline -0.002 -21"><span class='ocrx_word' id='word_1_142' title='bbox 245 2800 349 2858; x_wconf 92' lang='lat' dir='ltr'>torem</span> <span class='ocrx_word' id='word_1_143' title='bbox 378 2792 577 2878; x_wconf 89' lang='lat' dir='ltr'>provocavit.</span> <span class='ocrx_word' id='word_1_144' title='bbox 623 2813 683 2856; x_wconf 90' lang='lat' dir='ltr'>nec</span> <span class='ocrx_word' id='word_1_145' title='bbox 713 2792 815 2856; x_wconf 90' lang='lat' dir='ltr'>multo</span> <span class='ocrx_word' id='word_1_146' title='bbox 845 2797 921 2876; x_wconf 93' lang='lat' dir='ltr'>post</span> <span class='ocrx_word' id='word_1_147' title='bbox 948 2793 1078 2858; x_wconf 90' lang='lat' dir='ltr'>litterae</span> <span class='ocrx_word' id='word_1_148' title='bbox 1103 2791 1156 2858; x_wconf 88' lang='lat' dir='ltr'>ad-</span> 
     </span>
     <span class='ocr_line' id='line_1_25' title="bbox 244 2893 1154 2982; baseline -0.007 -18"><span class='ocrx_word' id='word_1_149' title='bbox 244 2900 405 2980; x_wconf 87' lang='lat' dir='ltr'>feruntur,</span> <span class='ocrx_word' id='word_1_150' title='bbox 430 2897 544 2981; x_wconf 90' lang='lat' dir='ltr'>quibus</span> <span class='ocrx_word' id='word_1_151' title='bbox 567 2897 601 2960; x_wconf 89' lang='lat' dir='ltr'>in</span> <span class='ocrx_word' id='word_1_152' title='bbox 623 2896 755 2959; x_wconf 93' lang='lat' dir='ltr'>modum</span> <span class='ocrx_word' id='word_1_153' title='bbox 779 2893 994 2978; x_wconf 83' lang='lat' dir='ltr'>defensionis,</span> <span class='ocrx_word' id='word_1_154' title='bbox 1017 2897 1154 2982; x_wconf 88' lang='lat' dir='ltr'>repetito</span> 
     </span>
     <span class='ocr_line' id='line_1_26' title="bbox 244 2998 1155 3084; baseline -0.002 -19"><span class='ocrx_word' id='word_1_155' title='bbox 244 3003 329 3066; x_wconf 88' lang='lat' dir='ltr'>inter</span> <span class='ocrx_word' id='word_1_156' title='bbox 351 3021 385 3064; x_wconf 91' lang='lat' dir='ltr'>se</span> <span class='ocrx_word' id='word_1_157' title='bbox 409 3006 504 3084; x_wconf 92' lang='lat' dir='ltr'>atque</span> <span class='ocrx_word' id='word_1_158' title='bbox 522 2998 652 3063; x_wconf 83' lang='lat' dir='ltr'>Oottam</span> <span class='ocrx_word' id='word_1_159' title='bbox 666 2999 824 3063; x_wconf 87' lang='lat' dir='ltr'>amicitiae</span> <span class='ocrx_word' id='word_1_160' title='bbox 839 2999 996 3084; x_wconf 89' lang='lat' dir='ltr'>principio</span> <span class='ocrx_word' id='word_1_161' title='bbox 1023 3001 1155 3066; x_wconf 88' lang='lat' dir='ltr'>crebris-</span> 
     </span>
     <span class='ocr_line' id='line_1_27' title="bbox 246 3103 1155 3192; baseline -0.004 -21"><span class='ocrx_word' id='word_1_162' title='bbox 246 3127 307 3192; x_wconf 90' lang='lat' dir='ltr'>que</span> <span class='ocrx_word' id='word_1_163' title='bbox 332 3108 401 3171; x_wconf 89' lang='lat' dir='ltr'>eius</span> <span class='ocrx_word' id='word_1_164' title='bbox 426 3103 538 3169; x_wconf 90' lang='lat' dir='ltr'>officiis</span> <span class='ocrx_word' id='word_1_165' title='bbox 560 3104 837 3187; x_wconf 89' lang='lat' dir='ltr'>commemoratis,</span> <span class='ocrx_word' id='word_1_166' title='bbox 866 3125 907 3169; x_wconf 92' lang='lat' dir='ltr'>ne</span> <span class='ocrx_word' id='word_1_167' title='bbox 936 3104 1038 3169; x_wconf 89' lang='lat' dir='ltr'>verba</span> <span class='ocrx_word' id='word_1_168' title='bbox 1060 3126 1155 3190; x_wconf 87' lang='lat' dir='ltr'>prave</span> 
     </span>
     <span class='ocr_line' id='line_1_28' title="bbox 212 3208 1154 3294; baseline 0.003 -23"><span class='ocrx_word' id='word_1_169' title='bbox 212 3234 236 3271; x_wconf 85' lang='lat'>15</span> <span class='ocrx_word' id='word_1_170' title='bbox 246 3212 373 3276; x_wconf 88' lang='lat' dir='ltr'>detorta</span> <span class='ocrx_word' id='word_1_171' title='bbox 395 3231 460 3274; x_wconf 93' lang='lat' dir='ltr'>neu</span> <span class='ocrx_word' id='word_1_172' title='bbox 483 3208 697 3273; x_wconf 89' lang='lat' dir='ltr'>convivalium</span> <span class='ocrx_word' id='word_1_173' title='bbox 711 3208 891 3273; x_wconf 83' lang='lat' dir='ltr'>fabularum</span> <span class='ocrx_word' id='word_1_174' title='bbox 915 3210 1103 3294; x_wconf 85' lang='lat' dir='ltr'>simplicitas</span> <span class='ocrx_word' id='word_1_175' title='bbox 1125 3211 1154 3274; x_wconf 91' lang='lat' dir='ltr'>in</span> 
     </span>
     <span class='ocr_line' id='line_1_29' title="bbox 246 3313 768 3398; baseline -0.008 -18"><span class='ocrx_word' id='word_1_176' title='bbox 246 3317 366 3381; x_wconf 88' lang='lat' dir='ltr'>crimen</span> <span class='ocrx_word' id='word_1_177' title='bbox 389 3314 562 3379; x_wconf 87' lang='lat' dir='ltr'>duceretur</span> <span class='ocrx_word' id='word_1_178' title='bbox 583 3313 768 3398; x_wconf 90' lang='lat' dir='ltr'>postulavit.</span> 
     </span>
     <span class='ocr_line' id='line_1_30' title="bbox 312 3415 1153 3504; baseline -0.005 -22"><span class='ocrx_word' id='word_1_179' title='bbox 312 3422 341 3482; x_wconf 90' lang='grc'>6.</span> <span class='ocrx_word' id='word_1_180' title='bbox 373 3419 505 3504; x_wconf 89' lang='lat' dir='ltr'>Insigne</span> <span class='ocrx_word' id='word_1_181' title='bbox 528 3419 631 3482; x_wconf 88' lang='lat' dir='ltr'>visum</span> <span class='ocrx_word' id='word_1_182' title='bbox 647 3417 826 3482; x_wconf 89' lang='lat' dir='ltr'>litterarum</span> <span class='ocrx_word' id='word_1_183' title='bbox 841 3418 984 3499; x_wconf 74' lang='lat' dir='ltr'>initium,</span> <span class='ocrx_word' id='word_1_184' title='bbox 1007 3439 1084 3484; x_wconf 91' lang='lat' dir='ltr'>nam</span> <span class='ocrx_word' id='word_1_185' title='bbox 1106 3415 1153 3480; x_wconf 89' lang='lat' dir='ltr'>his</span> 
     </span>
     <span class='ocr_line' id='line_1_31' title="bbox 246 3521 1151 3606; baseline -0.001 -20"><span class='ocrx_word' id='word_1_186' title='bbox 246 3522 352 3586; x_wconf 88' lang='lat' dir='ltr'>verbis</span> <span class='ocrx_word' id='word_1_187' title='bbox 375 3542 528 3586; x_wconf 90' lang='lat' dir='ltr'>exorsus:</span> <span class='ocrx_word' id='word_1_188' title='bbox 552 3521 639 3606; x_wconf 90' lang='lat' dir='ltr'>,quid</span> <span class='ocrx_word' id='word_1_189' title='bbox 663 3522 798 3586; x_wconf 86' lang='lat' dir='ltr'>scribam</span> <span class='ocrx_word' id='word_1_190' title='bbox 821 3521 921 3605; x_wconf 92' lang='lat' dir='ltr'>vobis,</span> <span class='ocrx_word' id='word_1_191' title='bbox 946 3525 1056 3606; x_wconf 90' lang='lat' dir='ltr'>patres</span> <span class='ocrx_word' id='word_1_192' title='bbox 1079 3541 1151 3585; x_wconf 91' lang='lat' dir='ltr'>con·</span> 
     </span>
    </p>
   </div>
   <div class='ocr_carea' id='block_1_3' title="bbox 0 0 1246 4014">
    <p class='ocr_par' dir='ltr' id='par_1_3' title="bbox 0 0 1246 4014">
     <span class='ocr_line' id='line_1_32' title="bbox 0 0 1246 4014; baseline 0 0"><span class='ocrx_word' id='word_1_193' title='bbox 0 0 1246 4014; x_wconf 95' lang='lat' dir='ltr'> </span> 
     </span>
    </p>
   </div>
  </div>
 </body>
</html>
