2444 4010
278 314 316 355 AB
330 313 457 356 Excusso
470 314 535 354 DIVI
549 313 678 354 AUGUSTI
691 313 714 352 11
728 310 812 354 ‘lt-80.
944 309 998 367 107

91 477 164 542 bant
179 477 338 561 utrimque
354 476 470 550 infensi
485 497 574 540 arma
589 476 692 560 primo
708 475 900 561 expediere:
926 475 1000 541 dein

91 587 197 645 mutua
218 581 389 646 formidine
413 603 478 646 non
493 580 578 646 ultre
592 580 732 663 iurgium
747 600 933 665 processum
951 586 1001 645 est

89 686 273 771 Marsusque
297 685 456 750 nuntiavit
477 684 588 750 Pisoni
602 684 742 749 Romaiu
765 684 806 749 ad
831 683 1022 750 dicendams

91 811 215 855 causam
229 790 366 857 veniret.
402 789 456 853 ille
474 788 608 855 eludens
624 789 791 874 respondit
807 788 999 872 adfuturum,

90 896 142 960 ubi
157 899 295 980 praetor,
319 894 373 978 qui
390 892 430 958 de
446 894 611 959 veneficiis
628 900 807 979 quaereret,
829 917 888 960 reo
904 903 1000 980 atque
1024 967 1027 974 ,

91 1001 326 1066 accusatoribus
350 1000 435 1064 diem
451 999 657 1085 predixisset.
693 999 821 1064 interim
835 999 1000 1064 Domitius

90 1105 271 1170 Laodiciam
299 1106 414 1170 urbem
437 1103 548 1188 Syriae
572 1103 740 1189 adpulsus,
771 1126 843 1170 cum
866 1105 1002 1170 hiberna

91 1215 198 1272 sextae
221 1207 359 1294 legionis
380 1213 517 1292 peteret,
542 1207 630 1292 qued
653 1229 725 1272 eam
746 1208 887 1274 maxime
908 1209 1035 1274 norisio

91 1312 228 1376 consiliis
250 1311 401 1377 idoneam
424 1310 564 1395 rebatur,
588 1311 763 1376 aPacuvio
782 1314 890 1398 legato
906 1334 999 1398 prae·

90 1419 222 1483 venitur.
260 1417 295 1481 id
310 1417 438 1482 Sentius
453 1416 567 1481 Pisoni
589 1437 647 1502 per
669 1416 794 1482 litteras
810 1417 914 1502 aperit
929 1437 998 1482 mo·

89 1528 203 1608 netque
234 1542 276 1586 ne
309 1527 412 1587 castra
443 1520 699 1605 corruptoribus,
729 1541 771 1585 ne
800 1522 998 1605 provinciam

90 1626 170 1691 belle
195 1632 342 1712 temptet.
387 1646 532 1711 quosque
557 1626 740 1692 Germanici
762 1647 923 1692 memores
944 1632 999 1692 aut

91 1732 221 1796 inimicis
245 1733 314 1797 eius
330 1731 484 1797 adversos
507 1736 714 1814 cognoverat,
739 1730 907 1813 contrahit,
931 1749 1034 1794 mars

91 1834 288 1920 gnitudinem
302 1835 505 1921 imperatoris
520 1835 698 1900 identidem
713 1836 865 1921 ingerens
883 1840 914 1899 et
929 1856 998 1899 rem

91 1940 247 2024 publicam
276 1939 372 2004 armis
401 1940 485 2023 peti3
518 1938 670 2025 ducitque
699 1939 840 2004 validam
869 1960 999 2004 manum

92 2051 121 2106 ct
142 2045 268 2129 proelio
290 2049 447 2130 paratam.

152 2150 202 2213 80.
234 2147 305 2214 Nec
323 2149 410 2232 Piso,
434 2170 627 2235 quamquam
651 2156 768 2234 coepta
791 2169 883 2214 secus
907 2149 1000 2214 cade·

92 2249 172 2334 bant,
188 2253 296 2317 omisit
310 2253 469 2318 tutissima
483 2274 500 2318 e
513 2254 746 2338 praesentibus,
763 2254 821 2320 sed
834 2254 1001 2319 castellum

94 2353 218 2420 Ciliciae
232 2356 391 2421 munitum
404 2356 591 2441 admodum,
607 2358 657 2422 cui
669 2379 787 2424 nomen
801 2359 1000 2442 Celenderis,

94 2467 236 2546 occupat;
249 2483 324 2527 nem
338 2461 490 2527 admixtis
504 2463 724 2528 desertoribus
737 2469 770 2528 et
781 2465 887 2528 tirone
899 2484 1001 2549 nuper

93 2561 266 2650 intercepto
294 2565 421 2650 suisque
453 2573 485 2630 et
510 2565 684 2631 Plancinae
714 2567 852 2632 servitiis
882 2569 1023 2633 auxilius

96 2666 231 2754 Cilicum,
255 2691 338 2756 quae
361 2671 467 2755 reguli
481 2672 644 2753 miserant,
664 2671 698 2737 in
712 2692 882 2737 numerum
897 2673 1001 2758 legio·

94 2771 139 2835 nis
160 2780 396 2860 composuerat.
443 2774 653 2860 Caesarisque
678 2775 880 2862 relegatum
903 2782 1000 2841 testa·

94 2876 180 2942 batur
201 2880 383 2965 provincia,
413 2902 508 2965 quam
530 2881 558 2944 is
582 2880 742 2964 dedisset,
770 2881 872 2946 arceri
893 2903 960 2947 non
983 2904 1002 2946 a

95 2979 265 3065 legionibus
296 2982 421 3067 (earum
452 2985 571 3070 quippe
602 2984 707 3050 accitu
728 2983 871 3066 venire),
902 2983 1003 3050 seda

96 3081 198 3153 Sentio
221 3089 382 3173 privatum
406 3087 515 3152 odium
538 3087 627 3153 falsis
652 3088 836 3154 criminibus
859 3095 1036 3173 tegentem

98 3189 299 3256 consisterent
321 3190 354 3256 in
370 3193 450 3275 acie,
473 3212 539 3257 non
554 3193 743 3277 pugnaturis
759 3193 923 3277 militibus,
946 3193 1002 3258 ubi

97 3289 237 3360 Pisonem
260 3296 301 3361 ab
323 3297 401 3381 ipsis
423 3302 592 3382 parentem
614 3295 777 3382 quondam
793 3297 1001 3381 appellatum,

99 3395 122 3458 si
134 3397 198 3466 iure
214 3409 374 3489 ageretur,
392 3403 564 3487 potiorem,
581 3403 608 3466 si
624 3403 728 3485 armis,
744 3425 809 3469 non
825 3401 1002 3468 invalidum

98 3500 252 3573 vidissent.
289 3513 356 3571 tum
380 3527 438 3592 pro
462 3506 668 3571 munimentis
685 3507 807 3572 castelli
821 3507 1002 3592 manipulos
