2498 4010
231 349 240 372 ο
294 292 333 331 AB
347 291 472 332 EXOESSU
485 290 550 330 DIVI
563 289 690 331 aueusrl
703 290 714 330 1
728 289 811 330 61-63.
970 288 1007 344 45

97 453 221 516 doloris
254 452 368 517 socius.
414 452 500 536 quod
533 451 662 516 Tiberio
703 450 788 514 haud
827 440 1008 536 probatum,

97 579 157 622 seu
181 562 296 621 cuncta
319 557 500 623 Germanici
527 558 559 620 in
591 555 731 622 deterius
754 556 909 637 trahenti,
940 556 1008 620 sive

99 664 280 727 exercitum
294 663 433 747 imagine
450 684 616 727 oaesomm
631 660 928 746 insepultorumque
943 665 1045 723 tar-10

100 765 212 829 datum
243 765 284 828 ad
317 766 441 850 proelia
473 772 505 830 et
541 764 832 830 formidolosiorem
867 764 1009 828 hostium

100 867 269 951 credebat3
297 889 402 954 neque
424 869 650 953 imperatorem
674 875 832 953 auguratu
862 876 894 933 et
916 875 1008 933 vetu-

100 973 247 1037 stissimis
271 973 472 1038 caerimoniis
494 972 676 1057 praeditum
697 972 878 1037 adtrectare
898 972 1010 1036 feralia

101 1075 262 1141 debuisse.

167 1182 217 1244 63.
250 1180 314 1246 Sed
335 1179 545 1247 Germanicus
569 1179 738 1246 cedentem
760 1181 794 1246 in
816 1183 889 1247 avia
902 1181 1010 1246 Armi-

99 1284 190 1348 nium
212 1290 350 1367 secutus,
372 1285 428 1350 ubi
452 1285 544 1370 copia
565 1285 634 1366 fuit,
658 1286 752 1350 evehi
776 1288 901 1371 equites
925 1309 1010 1352 oam-

100 1408 253 1472 pumque,
277 1409 372 1472 quem
394 1389 496 1453 hostis
514 1390 687 1472 insederat,
712 1391 791 1474 eripi
813 1392 913 1456 iubet.
948 1390 1011 1454 Ar-

99 1493 217 1556 minius
241 1493 349 1577 colligi
372 1515 447 1557 suos
468 1499 500 1557 et
521 1494 737 1578 propinquare
761 1495 848 1558 silvis
871 1496 1011 1558 monitos

101 1597 202 1662 vertit
222 1603 375 1682 repente:
406 1619 484 1662 mox
512 1599 638 1681 signum
669 1599 899 1684 prommpendi
922 1599 1033 1664 dedito

99 1701 141 1765 iis
165 1721 245 1784 quos
268 1722 327 1785 per
349 1703 448 1765 saltus
467 1704 693 1769 occultaverat.
738 1711 814 1768 tunc
835 1725 921 1769 nova
942 1703 1010 1768 acie

100 1804 248 1870 turbatus
279 1826 377 1890 eques
406 1807 586 1892 missaeque
620 1808 829 1873 subsidiariae
863 1808 1013 1872 cohortes

102 1914 136 1972 et
158 1908 351 1992 fngientium
366 1912 492 1996 agmine
516 1913 672 1996 impulsae
694 1917 852 1977 auxerant
869 1917 1011 1977 conster-

100 2013 283 2096 nationem3
321 2015 594 2102 trudebanturque
630 2019 663 2082 in
697 2017 848 2102 paludem
880 2038 1014 2103 gnaram

100 2116 316 2201 vincentibus,
338 2119 480 2204 iniquam
499 2121 625 2203 nesciis,
648 2122 682 2186 ni
699 2121 819 2187 Caesar
840 2121 1013 2207 productas
1024 2141 1049 2182 1o

100 2221 250 2304 legiones
265 2222 487 2288 instruxisset:
510 2225 585 2290 inde
601 2226 747 2291 hostibus
763 2232 877 2309 terror,
898 2224 1015 2290 fiducia

101 2325 211 2407 militi,
228 2331 261 2389 et
275 2327 421 2391 manibus
436 2329 546 2413 aequis
562 2330 755 2396 abscessum.
786 2352 865 2394 mox
879 2329 1013 2394 reducto

102 2428 145 2493 ad
155 2429 313 2494 Amisiam
323 2433 468 2497 exercitu
484 2454 558 2518 pars
573 2435 716 2519 equitum
730 2435 763 2499 in
778 2435 874 2499 litore
892 2434 1015 2499 Oceani

102 2540 216 2618 petere
232 2532 383 2598 Rhenum
397 2536 500 2618 iussa;
526 2536 674 2621 Caecina,
698 2539 752 2623 qui
769 2561 862 2602 suum
879 2540 1015 2603 militem

102 2638 254 2720 ducebat,
278 2640 428 2723 monitus,
451 2662 643 2727 quamquam
665 2643 750 2706 notis
772 2642 940 2708 itineribus
963 2657 1050 2706 re-15

103 2744 305 2828 graderetur,
329 2753 444 2830 pontes
467 2747 582 2830 longos
597 2768 694 2831 quam
716 2749 901 2812 maturrime
920 2767 1014 2832 supe-

102 2869 187 2912 rare.
222 2855 377 2930 angustus
399 2850 426 2913 is
448 2855 567 2915 trames
589 2856 696 2915 vastas
720 2851 803 2915 inter
824 2851 959 2936 paludes
983 2856 1016 2916 et

104 2952 268 3037 quondam
292 2974 311 3016 a
332 2952 369 3016 L.
384 2953 528 3018 Domitio
548 2960 736 3038 aggeratus3
762 2959 869 3020 cetera
890 2954 1015 3040 limosa,

104 3057 232 3122 tenacia
246 3057 336 3142 gravi
352 3077 451 3122 caeno
468 3064 523 3122 aut
538 3058 614 3122 rivis
629 3059 750 3123 incerta
766 3064 873 3139 erant;
897 3060 1016 3122 circum

106 3162 204 3226 silvae
228 3162 383 3245 paulatim
406 3161 564 3244 adclines,
594 3183 673 3247 quas
696 3171 764 3228 tum
785 3163 950 3227 Arminius
968 3164 1052 3226 imao

107 3266 218 3348 plevit,
235 3265 433 3350 compendiis
448 3267 573 3331 viarum
589 3272 622 3332 et
638 3268 699 3332 cito
721 3269 850 3351 agmine
867 3274 1016 3331 onustum

108 3369 237 3433 sarcinis
253 3371 413 3454 armisque
428 3371 565 3436 militem
582 3394 653 3437 oum
669 3374 896 3438 antevenisset.
934 3371 1016 3437 Cae·

111 3472 196 3537 cinae
221 3472 395 3556 dubitanti,
426 3496 564 3560 quonam
592 3478 690 3542 modo
720 3483 832 3561 ruptos
855 3482 1017 3542 vetustate

804 3575 861 3631 3=llalt¹
