2444 4010
239 329 295 387 140
415 369 418 372 .
567 337 706 378 CORNELII
719 339 817 379 raom

235 501 324 578 vero,
337 495 398 560 sed
413 495 477 560 fide
491 517 530 560 ao
543 497 664 560 virtute
680 498 816 581 legatos,
833 519 867 562 so
885 498 1026 562 consiliis
1039 520 1144 584 supcr-

234 599 343 663 fuisse.
383 600 482 668 simul
506 620 629 680 causas,
650 623 710 665 our
731 607 797 666 non
821 603 906 686 ipse,
935 608 1003 669 non
1025 603 1144 668 Drusus

212 703 381 787 sprofeoti‚
397 703 546 767 adiunxit
560 705 815 788 magnitudinem
831 707 959 792 imperii
971 710 1145 775 extollens:

233 810 339 895 neque
359 809 512 874 decorum
526 809 732 893 principibus,
756 811 782 874 si
798 832 861 875 una
877 811 1021 878 alterave
1038 813 1145 879 civitas

232 915 350 996 turbet,
375 915 670 995 omissamurbcm,
694 913 780 980 unde
803 915 968 980 inomnia
990 918 1146 1000 regimen.

232 1040 317 1082 nuno
337 1017 411 1101 quia
432 1039 495 1081 non
520 1023 608 1081 metu
626 1019 769 1101 ducatur,
792 1019 921 1102 iturum,
944 1026 979 1084 ut
995 1042 1145 1105 praesen-

232 1122 277 1188 tia
308 1126 470 1205 spectaret
501 1127 785 1206 componorotque.
832 1123 1007 1210 decrevere
1027 1131 1146 1209 patres

197 1231 307 1294 rov'ota
337 1245 395 1308 pro
428 1222 543 1311 reditu
565 1225 634 1289 eius
665 1226 981 1312 supplicationesque
1012 1234 1046 1292 et
1074 1231 1146 1293 alia

231 1327 318 1392 solus
345 1327 518 1392 Dolabella
546 1327 731 1410 Cornelius,
762 1329 837 1394 dum
866 1332 989 1396 anteire
1020 1338 1146 1397 ceteros

230 1440 333 1517 parat,
364 1433 536 1498 absurdam
558 1433 592 1497 in
614 1432 834 1498 adulationem
856 1455 1047 1519 progressus
1070 1459 1144 1502 oen-

230 1538 294 1601 suit
315 1545 350 1603 ut
375 1558 472 1601 orans
497 1559 514 1602 e
531 1537 707 1623 Campania
722 1540 836 1622 urbem
852 1541 1009 1606 introiret.
1047 1543 1146 1626 igitur

230 1647 360 1708 secutae
385 1642 532 1706 Caesaris
554 1642 692 1725 litterae,
715 1643 830 1727 quibus
854 1665 976 1709 senon
1000 1651 1067 1710 tam
1093 1669 1145 1712 ra

157 1745 159 1752 ⁴
194 1769 220 1812 15
231 1767 325 1811 cuum
341 1746 445 1832 gloria
460 1745 677 1830 praedicabat,
693 1752 729 1810 ut
744 1753 818 1830 post
832 1746 1049 1813 ferocissimas
1063 1769 1144 1832 gen-

229 1859 277 1916 tes
299 1851 505 1937 perdomitas,
531 1855 586 1915 tot*
601 1858 750 1935 receptos
772 1851 805 1914 in
828 1851 959 1916 iuventa
983 1860 1038 1918 aut
1053 1876 1144 1939 spre-

227 1963 278 2020 tos
307 1955 523 2040 triumphos
515 1976 578 2018 lam
609 1954 716 2018 senior
738 1955 923 2106 peregrinat
911 1957 1007 2020 tionis
1031 1957 1144 2022 subur-

227 2061 362 2126 barrae
353 2080 448 2124 mane
472 2059 651 2145 praemium
674 2063 730 2143 pet
733 2063 809 2123 eret.

236 2167 343 2229 48.
377 2164 442 2228 Sub
471 2163 601 2228 idcmt
588 2172 716 2248 tempus
739 2169 775 2227 ut
798 2187 884 2248 mors
907 2166 1040 2250 Sulpicii
1061 2167 1142 2242 Qui-

226 2270 287 2333 rim
278 2267 439 2353 publicis
455 2267 617 2352 exsequiis
634 2269 783 2354 frequent
784 2275 853 2334 aret
854 2291 892 2333 ur
907 2271 1033 2356 petivit.
1010 2272 1144 2336 tnihil

226 2373 268 2436 ad
284 2378 426 2437 veterem
444 2376 477 2435 et
491 2372 658 2456 patriciam
670 2373 884 2457 Sulpiciorum
898 2374 1052 2438 familiam
1065 2375 1142 2449 Qui-

225 2476 326 2539 rinius
342 2474 497 2560 pertinuit
513 2483 600 2539 ortus
616 2476 703 2561 apud
715 2476 929 2562 municipium
943 2478 1140 2544 Lanuvium:

203 2579 284 2647 asad
313 2578 450 2664 impiger
478 2579 611 2643 militiae
642 2583 674 2642 et
703 2579 829 2643 acribus
856 2580 1041 2645 ministeriis
1064 2603 1139 2646 con-

225 2684 363 2748 sulatum
389 2683 448 2746 sub
473 2681 547 2747 divo
571 2681 736 2766 Augusto,
766 2704 845 2748 mox
868 2687 1060 2768 expugnatis
1083 2707 1141 2769 per

226 2788 372 2853 Oilioiam
386 2786 697 2853 Homonadensium.
712 2787 852 2852 castellis
873 2788 1012 2872 insignia
1027 2788 1138 2852 trium·

209 2894 279 2978 ¹phi
302 2893 444 2978 adeptus⁴
462 2892 619 2976 datusque
642 2896 749 2956 rector
774 2890 855 2955 Gaio
877 2891 1009 2956 Caesari
1024 2893 1138 2957 Arme-

223 2999 309 3062 niam
337 2995 494 3082 optinenti
515 2995 681 3059 Tiberium
703 3015 830 3080 quoquc
853 2995 964 3059 Rhodi
987 3001 1137 3081 agentem

188 3103 378 3168 rocoluerat.
422 3099 510 3185 quod
538 3106 615 3164 tuno
641 3100 795 3184 patefecit
817 3100 954 3165 laudatis
977 3101 1010 3164 in
1034 3121 1068 3165 sc
1090 3100 1138 3163 of-

222 3208 301 3272 ficiis
326 3211 358 3270 et
380 3207 523 3269 incusato
547 3205 591 3269 M.
609 3203 727 3287 Lollio,
751 3225 847 3288 quem
870 3209 1037 3270 auctorem
1055 3206 1135 3271 Gaio

223 3312 353 3377 Caesari
376 3309 542 3396 pravitatis
565 3314 598 3374 et
621 3308 854 3373 discordiarum
877 3309 1044 3394 arguebat.
1077 3309 1135 3373 sed

223 3415 338 3478 ceteris
367 3412 455 3477 haud
478 3413 565 3476 laeta
585 3413 741 3478 memoria
764 3413 890 3488 Quirini
912 3420 982 3478 erat
1006 3416 1045 3479 cb
1068 3435 1136 3478 sor·

224 3515 388 3579 didamet
410 3518 657 3600 praepotentem
679 3524 854 3600 senectam.
