2444 4010
321 319 358 358 AB
372 319 497 359 Excusso
511 319 574 358 DlVl
588 317 715 358 AUGUSTI
728 318 762 357 111
776 318 861 358 os-vr.
994 313 1051 370 155

203 480 253 544 70.
283 478 363 542 Post
385 478 486 543 auditi
503 477 715 564 Cyrenenses,
741 485 773 544 et
795 485 964 545 accusante
979 478 1048 546 An-

135 583 244 648 chario
260 583 371 647 Prisco
388 581 521 647 Caesius
538 582 664 648 Gordus
686 583 937 668 repetundarum
960 583 1048 648 dam-

134 692 238 752 natur.
276 687 312 750 L.
328 687 469 752 Ennium
493 688 635 770 equitem
657 686 849 768 Romanum,
872 688 1049 753 maiestatis

133 791 341 875 postulatum,
365 789 453 874 quod
474 791 614 873 effigiem
628 790 781 876 principis
796 793 992 875 promiscum
1007 794 1048 857 ad

133 917 227 958 usum
256 896 381 978 argenti
408 895 574 976 vertisset,
603 895 704 980 recipi
728 894 848 961 Cacsar
870 897 953 962 inter
974 915 1069 962 reoso

131 1001 252 1081 vetuit,
281 1000 388 1084 palam
416 1006 609 1083 aspernante
638 998 737 1064 Ateio
770 999 928 1085 Capitone
957 1001 1048 1085 quasi

132 1125 192 1190 per
220 1105 411 1170 libertatem.
456 1125 521 1169 non
547 1105 632 1170 enim
655 1104 774 1169 debere
799 1106 881 1190 eripi
903 1106 1047 1190 patribus

131 1210 198 1276 vim
227 1208 390 1274 statuendi
418 1229 523 1293 neque
553 1213 676 1272 tantum
701 1209 894 1274 maleficium
915 1212 1045 1296 impune

131 1315 327 1380 habendum.
373 1335 449 1378 sane
472 1314 577 1378 lentus
600 1313 633 1376 in
657 1334 714 1377 suo
740 1313 853 1378 dolore
867 1321 977 1380 esset:
1000 1316 1046 1379 rei

131 1419 280 1504 publicae
314 1418 445 1482 iniurias
477 1439 517 1482 nc
549 1417 731 1502 largiretur.
775 1418 937 1484 intellexit
965 1419 1079 1484 haecro

130 1524 289 1606 Tiberius,
312 1529 349 1587 ut
363 1530 454 1588 erant
468 1523 572 1607 magis
588 1544 684 1608 quam
697 1531 734 1588 ut
749 1523 947 1605 dicebantur,
971 1547 1045 1610 per-

128 1629 273 1712 stititque
305 1629 516 1694 intercedere.
564 1627 679 1713 Oapito
704 1629 885 1711 insignitior
906 1628 1044 1711 infamia,

129 1731 219 1817 quod
242 1734 373 1798 humani
396 1733 559 1816 divinique
582 1734 659 1798 iuris
681 1735 785 1798 sciens
801 1733 970 1818 egregium
984 1756 1044 1819 pu-

128 1837 250 1901 blicum
272 1844 306 1902 et
328 1837 428 1902 bonas
453 1837 539 1902 domi
563 1843 647 1902 artes
670 1838 962 1903 dehonestavisset.

197 1943 249 2005 71.
281 1941 418 2008 Incessit
447 1943 521 2008 dein
544 1943 675 2027 religi0,
705 1963 844 2028 quonam
866 1944 899 2007 in
922 1943 1042 2027 templo

127 2046 302 2111 locandum
327 2048 456 2128 donum,
479 2045 567 2132 quod
589 2068 648 2131 pro
672 2047 858 2112 valetudine
874 2045 1042 2131 Augustae

128 2152 255 2236 equites
270 2150 409 2215 Romani
431 2158 588 2216 voverant
603 2151 754 2235 Equestri
769 2152 946 2215 Fortunae:
969 2172 1043 2216 nam

127 2257 191 2322 etsi
223 2256 357 2320 delubra
380 2255 460 2321 deae
483 2256 584 2321 multa
605 2256 638 2320 in
661 2255 757 2338 urbe,
789 2256 913 2320 nullum
935 2263 1043 2320 tamen

125 2360 185 2425 tali
224 2365 450 2443 cognomento.
503 2366 668 2444 repertum
704 2359 818 2424 aedem
854 2360 941 2444 apud
972 2359 1063 2426 Ans
1181 2423 1183 2432 ,

126 2464 225 2542 tium,
256 2483 337 2548 quae
367 2464 412 2526 sic
434 2470 688 2547 nuncuparetur,
721 2470 915 2549 cunctasque
944 2466 1043 2530 caeri-

126 2568 252 2632 monias
271 2566 390 2632 Italicis
411 2566 444 2630 in
466 2567 594 2652 oppidis
616 2561 799 2653 templaque
823 2574 856 2632 et
877 2569 1043 2633 numinum

126 2671 253 2754 effigies
282 2671 363 2734 iuris
390 2673 486 2756 atque
514 2671 640 2756 imperii
662 2671 810 2735 Romani.
854 2672 900 2736 ita
922 2672 1042 2736 donum

125 2775 214 2860 apud
230 2775 364 2840 Antium
387 2776 546 2840 statuitur.
584 2783 617 2842 et
639 2777 790 2861 quoniam
813 2777 853 2842 dc
876 2777 1040 2862 religioni-

125 2880 186 2944 bus
200 2879 407 2962 tractabatur,
422 2881 555 2944 dilatum
569 2903 672 2967 nuper
683 2902 874 2968 responsum
886 2882 1040 2946 adversus
1049 2897 1074 2938 1⁰

125 2982 274 3049 Servium
289 2985 547 3068 Maluginensem
564 2986 725 3051 flaminem
740 2987 870 3052 Dialem
884 2987 1041 3072 prompsit

126 3087 246 3152 Caesar
263 3089 473 3173 recitavitque
491 3089 656 3154 decretum
671 3091 868 3174 pontificum,
891 3091 1039 3175 quotiens

123 3191 277 3258 valetudo
299 3190 362 3257 adv
384 3213 435 3258 rsa
456 3194 618 3258 flaminem
633 3194 762 3258 Dialem
784 3196 979 3276 incessisset,
1004 3201 1039 3258 ut

124 3297 285 3382 pontificis
314 3214 446 3361 madimi
475 3295 606 3362 arbitrio
636 3298 708 3382 plus
740 3318 835 3382 quam
861 3297 1037 3362 binoctium

124 3400 262 3483 abesset,
287 3401 364 3464 dum
385 3421 426 3464 ne
451 3400 564 3466 diebus
586 3400 706 3486 publici
729 3401 873 3466 sacrificii
887 3421 951 3467 neu
967 3423 1072 3467 sac-rs

125 3506 198 3592 pius
221 3526 317 3590 quam
338 3504 388 3569 bis
412 3503 551 3570 eundem
573 3504 606 3568 in
629 3525 764 3585 annum3
790 3525 871 3589 quac
893 3504 1037 3589 principe
