2482 4014
206 297 262 353 232
538 306 675 346 coaunnrr
689 307 787 346 sacrm

171 463 289 548 1⁰cipia
312 469 345 528 et
374 485 477 528 nexus
507 465 700 529 naturalium
724 485 908 546 causarum,
940 485 978 530 ac
1008 471 1120 532 tamen

207 570 398 635 electionem
422 570 508 636 ritae
531 569 624 634 nobis
647 570 841 654 relinquunt,
865 591 959 654 quam
979 570 1035 634 ubi
1050 572 1119 635 ele-

205 674 301 758 geris,
325 682 448 739 certum
463 674 699 738 imminentium
717 673 874 738 ordinem.
911 695 1016 759 neque
1032 677 1121 740 mala

205 779 258 842 vel
286 779 373 843 bona
402 799 481 864 quae
511 780 626 861 vulgus
653 784 760 863 putet:
791 779 926 861 multos,
957 780 1011 863 qui
1040 801 1119 846 con-

205 883 318 947 flictari
341 882 485 949 adversis
515 883 701 967 videantur,
729 883 859 966 beatos,
890 890 923 947 at
944 884 1121 970 plerosque

172 1002 396 1072 1⁵quamquam
427 1009 559 1072 magnas
588 1008 647 1072 per
671 1007 748 1072 opes
771 987 982 1071 miserrimos,
1013 988 1039 1051 si
1070 987 1122 1052 illi

206 1112 338 1176 gravem
361 1091 520 1156 fortunam
544 1096 728 1156 constanter
744 1092 892 1173 tolerent,
915 1091 948 1154 hi
963 1113 1123 1178 prospera

206 1195 386 1260 inconsulte
409 1202 550 1260 utantur.
596 1203 740 1260 ceterum
762 1195 909 1280 plurimis
933 1197 1120 1261 mortalium

206 1321 272 1364 non
295 1301 448 1365 eximitur
471 1301 546 1386 quin
569 1301 672 1386 primo
704 1301 857 1385 cuiusque
887 1304 959 1363 ortu
981 1308 1123 1364 ventura

139 1473 141 1476 .
208 1403 425 1487 destinentur,
449 1405 506 1469 sed
532 1404 691 1488 quaedam
714 1425 805 1468 secus
829 1424 923 1487 quam
947 1404 1122 1469 dictasint

171 1510 322 1574 accedere
352 1510 486 1575 fallaciis
517 1511 630 1594 ignara
660 1508 852 1573 dicentium:
881 1508 926 1572 ita
956 1512 1122 1593 corrumpi

204 1613 302 1678 fidem
325 1613 430 1689 artis,
464 1613 552 1676 cuius
583 1615 669 1676 clara
699 1612 893 1676 documenta
924 1618 957 1676 et
987 1614 1125 1697 antiqua

206 1723 293 1782 aetas
324 1724 357 1781 et
385 1722 496 1781 nostra
524 1717 643 1780 tulerit.
688 1716 806 1800 quippe
836 1738 854 1780 a
878 1708 948 1780 'filio
972 1717 1123 1781 eiusdem

205 1821 365 1885 Thrasulli
395 1818 595 1904 praedictum
618 1819 758 1883 Neronis
786 1820 957 1904 imperium
979 1819 1011 1884 in
1035 1826 1123 1886 tem·

206 1944 283 2007 pore
294 1924 535 2006 memorabitur,
548 1945 589 1988 ne
599 1945 683 1987 nunc
692 1925 822 2008 incepto
832 1925 962 2008 longius
973 1925 1123 1992 abierim.

271 2029 321 2091 23.
353 2029 462 2092 Isdem
489 2029 673 2094 consulibus
695 2028 801 2094 Asinii
826 2027 911 2092 Galli
937 2051 1024 2093 mors
1047 2033 1123 2095 vul-

204 2137 314 2215 gatur,
345 2153 439 2216 quem
465 2140 610 2217 egestate
635 2135 697 2199 cibi
718 2141 924 2220 peremptum
947 2135 1034 2200 haud
1058 2134 1123 2201 du-

204 2235 303 2317 bium,
328 2242 442 2321 sponte
462 2239 514 2301 vel
529 2239 733 2320 necessitate,
756 2240 913 2306 incertum
928 2240 1124 2307 habebatur.

207 2340 433 2425 consultusque
452 2341 626 2407 (lassaron
650 2343 780 2428 sepeliri
804 2345 933 2426 sineret,
956 2365 1021 2408 non
1045 2365 1124 2408 eru-

186 2443 274 2507 abuit
296 2446 482 2527 permittere
499 2448 649 2530 ultroque
665 2449 811 2511 incusare
829 2467 930 2527 casus,
953 2447 1007 2531 qui
1025 2468 1126 2513 reum

206 2546 422 2632 abstulissent,
441 2555 612 2635 antequam
628 2571 735 2614 coram
751 2551 1011 2616 convinceretur:
1033 2553 1126 2616 seili-

207 2657 258 2716 cet
280 2652 388 2717 medio
412 2653 548 2717 triennio
569 2653 716 2718 defuerat
739 2661 868 2739 tempus
890 2653 1049 2719 subeundi
1070 2655 1126 2720 iu-

207 2755 325 2819 dicium
356 2757 515 2820 consulari
543 2758 627 2839 seni,
657 2764 706 2821 tot
737 2759 951 2822 consularium
982 2760 1125 2844 parenti.

205 2859 331 2924 Drusus
356 2861 473 2926 deinde
498 2862 729 2945 exstinguitur,
763 2884 835 2926 cum
863 2882 898 2925 se
928 2863 1125 2928 miserandis

174 2964 584 3047 10alimentis,mandendo
609 2986 627 3028 e
651 2965 748 3029 cubili
770 2970 969 3049 tomentum,
998 2987 1124 3031 nonum

207 3069 248 3132 ad
272 3069 357 3133 diem
375 3069 575 3134 detinuisset.
613 3069 781 3134 tradidere
794 3068 923 3152 quidam
939 3070 1126 3154 praescrip·

207 3180 275 3238 tum
298 3174 396 3239 fuisse
419 3175 580 3254 Macroni,
613 3174 637 3237 si
668 3194 756 3237 arma
778 3173 818 3238 ab
841 3173 958 3238 Seiano
982 3179 1124 3257 tempta-

207 3283 327 3359 rentur,
351 3283 530 3342 extractum
548 3277 712 3342 custodiae
729 3279 879 3341 iuvenem
902 3276 989 3358 (nam
1008 3277 1042 3342 in
1056 3279 1124 3344 Pa·

208 3380 286 3443 latio
311 3379 517 3460 attinebatur)
542 3381 656 3445 ducem
681 3382 802 3464 populo
819 3381 995 3465 imponere.
1032 3403 1124 3464 mox,

175 3481 284 3564 1squia
313 3502 423 3544 rumor
454 3483 624 3548 incedebat
655 3484 724 3549 fore
757 3491 792 3549 ut
825 3507 908 3550 nuru
940 3507 976 3551 ac
1007 3489 1123 3572 nepoti
