2498 4010
302 303 340 343 AB
353 301 479 346 Excusso
493 300 558 342 DlVl
571 299 699 340 ausuum
712 297 724 338 1
737 298 822 338 sl-ua.
979 289 1018 345 25

105 471 200 544 eant,
241 463 396 548 sexageni
433 463 595 548 singulos,
636 466 673 525 ut
711 459 888 534 numerum,
920 452 1017 519 adas·
1085 541 1088 548 Ι

103 575 260 654 quarent:
297 572 366 632 tum
397 567 568 632 convulsos
600 565 801 647 laniatosque
832 566 865 627 et
900 560 1017 644 partim

106 673 275 737 exanimos
305 678 378 737 ante
407 671 527 736 vallum
558 677 612 735 aut
648 669 682 734 in
711 687 839 734 amnem
866 664 1017 729 Rhenum

104 775 277 860 proiciunt.
315 774 490 860 Septimius
514 796 586 839 cum
609 772 803 858 perfugisset
819 769 860 835 ad
879 768 1019 834 tribunal

104 877 308 963 pedibusque
324 877 484 943 Caecinae
499 877 737 956 advolveretur,
754 895 794 940 eo
810 894 912 958 usque
927 871 1018 955 flagi·
1029 891 1053 933 ro

103 989 193 1047 tatus
216 987 281 1066 est,
308 980 412 1049 donec
435 981 477 1047 ad
499 982 635 1047 exitium
659 980 842 1046 dederetur.
890 978 1018 1044 Cassius

107 1085 265 1168 Chaerea,
280 1107 360 1150 mox
377 1085 476 1176 caede
494 1085 555 1150 Gai
568 1085 715 1151 Caesaris
728 1083 917 1150 memoriam
933 1079 1019 1167 apud

104 1195 258 1274 posteros
273 1189 419 1277 adeptus,
442 1195 511 1256 tum
526 1189 717 1255 adulescens
738 1194 771 1253 et
794 1187 892 1251 animi
914 1186 1019 1266 ferox,

105 1294 193 1359 inter
217 1294 381 1361 obstantes
411 1300 444 1360 et
469 1301 611 1362 armatos
639 1293 724 1359 ferro
748 1292 833 1356 viam
856 1288 1019 1376 patefecit.

105 1418 176 1462 non
198 1399 343 1465 tribunus
365 1399 459 1483 ultra,
481 1421 548 1465 non
567 1405 744 1465 castrorum
766 1397 948 1483 praefectus
970 1396 1019 1460 ius
1031 1416 1055 1456 15

106 1502 266 1569 obtinuit:
303 1504 432 1588 vigilias
462 1504 616 1571 stationes
646 1511 680 1570 et
714 1504 805 1588 siqua
835 1503 898 1568 alia
927 1522 1021 1587 prae·

103 1627 184 1672 sens
213 1628 289 1672 usus
316 1607 481 1674 indixerat
507 1609 570 1693 ipsi
598 1607 828 1693 partiebantur.
872 1606 906 1670 id
939 1605 1022 1669 mili·

105 1721 194 1778 tares
218 1713 342 1779 animos
356 1713 452 1778 altius
468 1713 722 1778 coniectantibus
742 1711 951 1798 praecipuum
972 1709 1020 1772 in·

107 1816 232 1882 dicium
244 1818 353 1902 magni
365 1819 461 1902 atque
474 1816 673 1902 inplacabilis
685 1825 802 1899 motus,
812 1813 900 1901 quod
914 1833 1021 1898 neque

110 1921 239 1987 disiecti
263 1928 312 1986 set
337 1921 459 2006 pariter
482 1921 703 2003 ardescerent,
734 1922 855 2006 pariter
879 1917 1021 2004 silerent,
1031 1945 1056 1984 ao

105 2032 199 2092 tanta
220 2025 415 2110 aequalitate
438 2030 473 2091 et
495 2026 685 2108 constantia,
707 2031 744 2090 ut
765 2023 833 2110 regi
858 2021 1020 2088 crederes.

175 2130 227 2195 33.
257 2128 388 2195 Interea
411 2127 604 2194 Germanico
628 2149 686 2214 per
710 2127 848 2210 Gallias,
877 2132 914 2190 ut
937 2125 1020 2190 dixi-

106 2254 199 2316 mus,
222 2253 338 2299 census
360 2232 531 2318 accipienti
554 2233 732 2298 excessisse
754 2230 940 2315 Augustum
962 2229 1020 2294 ad·

104 2337 221 2402 fertur.
265 2343 396 2422 neptem
420 2337 490 2402 eius
512 2335 728 2423 Agrippinam
756 2337 790 2401 in
814 2334 1019 2401 matrimonio

107 2440 283 2525 pluresque
299 2461 343 2506 ex
358 2461 397 2506 ea
410 2439 531 2506 liberos
545 2440 694 2524 babebat,
712 2442 782 2526 ipse
797 2439 906 2504 Druso
922 2438 1020 2503 fratre

105 2542 232 2610 Tiberii
246 2544 384 2628 genitus,
406 2542 574 2628 Augustae
590 2565 703 2631 nepos,
719 2553 770 2610 set
785 2544 898 2610 anxius
915 2543 1042 2609 occul-s
1131 2543 1134 2552 '

107 2648 152 2713 tis
176 2647 209 2714 in
230 2669 266 2714 se
295 2649 401 2734 patrui
430 2649 586 2735 aviaeque
615 2649 715 2733 odiis,
738 2669 876 2735 quorum
905 2668 1021 2713 causae

105 2751 262 2834 acriores,
284 2753 360 2837 quia
375 2753 515 2838 iniquae.
554 2753 673 2839 quippe
689 2753 787 2818 Drusi
803 2774 921 2838 magna
936 2753 1022 2838 apud

108 2856 267 2942 populum
294 2855 480 2923 Romanum
507 2859 663 2922 memoria
692 2858 963 2943 credebaturque,
995 2859 1022 2921 si

106 2982 220 3026 rerum
240 2961 363 3046 potitus
385 2960 479 3046 foret,
501 2962 686 3028 libertatem
703 2963 905 3046 redditurus3
934 2963 1022 3028 unde

106 3065 143 3130 in
160 3065 388 3133 Germanicum
410 3064 502 3131 favor
517 3071 551 3131 st
571 3087 644 3151 spes
661 3066 786 3132 eadem.
821 3087 897 3133 nam
912 3066 1022 3132 iuveni
1033 3085 1057 3124 ro

108 3170 206 3235 civile
221 3168 398 3252 ingenium,
413 3170 495 3234 mua
511 3171 645 3236 comitas
662 3179 695 3237 et
707 3171 835 3238 diversa
849 3171 890 3237 ab
902 3171 1023 3236 Tiberii

108 3291 261 3337 sermone
291 3271 382 3337 vultu
410 3257 642 3356 adrogantibus
673 3281 705 3340 et
734 3275 887 3340 obscuris.
932 3295 1023 3340 aoce-

112 3373 232 3440 dsbant
253 3376 427 3441 muliebres
450 3378 648 3444 offensiones
670 3379 895 3445 novercalibus
909 3378 1022 3444 Liviae

112 3479 146 3544 in
174 3477 389 3565 Agrippinam
422 3481 578 3565 stimulis,
611 3490 706 3568 atque
739 3484 808 3568 ipsa
841 3483 1023 3570 Agrippina

164 3590 283 3631 camellus
297 3592 398 3632 Tacitus.
424 3592 443 3633 1.
515 3623 519 3628 .
851 3591 867 3640 2
