2498 4010
298 271 336 308 na
350 269 475 310 uxonssu
489 269 554 308 mvr
568 269 694 309 suousrr
708 271 731 308 11
746 271 802 309 1-4.
912 247 913 253 '
983 265 1020 322 59

111 431 182 494 orbe
206 450 326 512 regem,
350 429 492 492 hostium
510 428 631 491 artibus
653 428 822 510 infectum;
848 431 911 493 iam
934 431 1019 494 inter

109 534 283 620 provincias
313 533 477 596 Romanas
505 532 620 595 solium
647 532 876 596 Arsacidarum
905 533 1019 598 haberi

111 639 248 723 darique.
279 638 334 700 ubi
357 638 445 701 illam
460 638 595 720 gloriam
612 636 840 701 trucidantium
858 636 1017 718 Orassum,
1028 649 1054 687 1⁰

108 743 343 807 exturbantium
365 740 561 822 Antonium,
592 742 619 804 si
641 741 837 824 mancipium
862 740 1018 822 Caesaris,

108 853 155 910 tot
175 869 233 931 per
256 868 355 910 annos
372 845 561 909 servitutem
583 865 784 929 perpessum,
807 845 936 909 Parthis
959 846 1018 908 im-

106 952 243 1038 peritet?
268 951 466 1016 accendebat
490 948 702 1033 dedignantes
727 955 759 1013 et
780 950 851 1034 ipse
874 949 1019 1014 diversus

107 1057 302 1120 amalorum
324 1057 488 1136 institutis,
511 1074 583 1118 raro
599 1059 728 1136 venatu,
752 1055 845 1137 segni
863 1073 1019 1138 equorum

106 1183 195 1242 cura3
217 1161 365 1245 quotiens
380 1181 438 1244 per
453 1160 550 1224 urbes
568 1159 744 1240 incederet,
760 1158 895 1222 lecticae
911 1167 1053 1243 gesta-15

106 1265 190 1328 mine
213 1259 367 1348 fastuque
386 1285 463 1348 erga
486 1265 606 1349 patrias
629 1264 751 1348 epulas.
797 1265 1018 1329 inridebantur

106 1374 140 1432 et
161 1367 276 1432 Graeci
299 1368 434 1433 comites
465 1390 502 1433 ac
530 1370 685 1433 vilissima
706 1370 892 1434 utensilium
921 1370 1017 1433 anulo

105 1475 223 1537 clausa.
254 1471 312 1536 sed
327 1473 468 1558 prompti
484 1472 599 1556 aditus,
616 1474 712 1538 obvia
726 1474 870 1556 comitas,
886 1474 1018 1556 ignotae

103 1576 232 1641 Parthis
251 1576 396 1658 virtutes,
419 1597 504 1641 nova
518 1577 611 1657 vitia3
636 1582 669 1641 et
692 1577 766 1661 quia
788 1577 932 1663 ipsorum
948 1598 1017 1640 mo-

103 1683 193 1746 ribus
215 1680 329 1763 aliena⁷
352 1681 487 1766 perinde
512 1682 621 1746 odium
644 1683 751 1767 pravis
775 1688 808 1746 et
829 1681 984 1746 honestis.
1028 1689 1053 1727 2⁰

170 1787 200 1847 3.
232 1784 335 1868 Igitur
358 1784 543 1849 Artabanus
567 1785 797 1849 Arsacidarum
821 1807 839 1850 e
862 1788 1018 1872 sanguine

103 1888 191 1974 apud
212 1889 323 1953 Dahas
345 1888 474 1952 adultus
498 1891 624 1954 excitur
652 1891 821 1974 primoque
845 1912 1020 1975 congressu

101 1994 193 2058 fusus
215 2000 344 2076 reparat
364 1993 449 2057 vires
472 2013 638 2077 regnoque
666 1994 798 2078 potitur.
843 1996 928 2059 victo
951 1995 1020 2059 Vo-

103 2097 182 2161 noni
212 2095 397 2181 perfugium
428 2095 602 2180 Armenia,
633 2118 736 2162 vacua
766 2104 842 2162 tuno
873 2099 1020 2184 interque

103 2201 300 2265 Parthorum
324 2206 356 2264 et
370 2199 535 2264 Romanas
559 2222 637 2285 opes
660 2201 758 2264 infida
774 2202 815 2265 ob
831 2204 936 2266 scelus
951 2202 1042 2266 ran-⁶

103 2298 197 2386 to'nii,
221 2304 276 2388 qui
297 2303 501 2369 Artavasden
523 2324 635 2389 regem
658 2303 887 2370 Armeniorum
912 2308 1021 2392 speeie

105 2409 266 2474 amicitiae
277 2409 439 2490 inlectum,
451 2407 526 2472 dein
536 2409 656 2472 catenis
668 2417 845 2492 oneratum,
855 2418 1020 2494 postremo

102 2514 322 2580 interfecerat.
355 2513 439 2577 filius
454 2511 618 2594 Artaxias,
641 2514 798 2577 memoria
813 2516 912 2598 patris
927 2516 1022 2580 nobis

101 2619 260 2697 infensus,
275 2615 504 2700 Arsacidarum
519 2617 552 2681 vi
568 2637 668 2702 seque
683 2638 883 2702 regnumque
900 2625 1022 2684 tutatus

104 2728 165 2786 est.
193 2721 299 2786 occiso
309 2719 447 2783 Artaxia
460 2742 518 2805 per
531 2719 641 2784 dolum
652 2723 915 2806 propinquorum,
929 2723 1056 2787 datusro

103 2848 123 2890 a
139 2825 282 2890 Caesare
298 2824 461 2889 Armeniis
474 2824 630 2909 Tigranes
655 2824 876 2910 deductusque
900 2827 933 2890 in
948 2846 1020 2911 reg·
1043 2864 1046 2868 ·

102 2953 185 2995 num
216 2952 236 2994 a
257 2930 385 2994 Tiberio
409 2929 551 2994 Nerone.
595 2949 655 2995 nec
678 2928 808 3014 Tigrani
837 2930 1021 2994 diuturnum

103 3035 281 3120 imperium
303 3054 408 3117 neque
430 3032 540 3098 liberis
563 3054 755 3117 quamquam
779 3034 908 3098 sociatis
931 3056 1021 3100 more

105 3146 245 3204 externo
268 3138 302 3201 in
324 3137 564 3201 matrimonium
585 3158 797 3228 regnumque.

173 3248 204 3310 4.
237 3243 325 3308 Dein
353 3242 442 3307 iussu
471 3241 611 3327 Augusti
642 3243 800 3326 inpositus
823 3241 1021 3307 Artavasdes

108 3351 142 3409 et
170 3369 238 3412 non
269 3348 339 3411 cine
368 3345 459 3410 clade
489 3353 599 3410 nostra
629 3345 784 3411 deiectus.
828 3352 897 3409 tum
921 3345 1021 3412 Gaius

111 3448 231 3516 Caesar
246 3450 489 3533 componendae
503 3448 679 3514 Armeniae
697 3448 857 3533 deligitur.
886 3450 914 3514 is
925 3449 1021 3515 Ario-
