2482 4014
191 307 249 364 214
521 309 772 348 conmmeatum

192 469 395 538 occasionem
409 466 533 552 gratiae
543 467 739 548 trahuntur),
753 478 790 530 ut
803 466 981 530 referretur
990 476 1110 550 postu.

190 575 310 657 lavere,
332 572 575 658 promptissimo
595 569 693 634 Cotta
707 571 883 636 Messalino
907 593 982 634 cum
1002 572 1112 635 atroci

192 677 362 745 sententia.
407 675 465 740 sed
493 674 564 740 aliis
592 676 829 762 aprimoribus
856 677 1066 760 maximeque
1090 697 1113 739 a
1232 671 1233 766 ¹

192 780 430 866 magistratibus
457 779 696 866 trepidabam:
725 782 845 866 quippe
867 781 1015 845 liberius
1046 781 1114 846 etsi
1232 771 1233 854 ¹

157 886 316 953 mindense
339 885 485 950 invectus
508 891 617 950 cetera
638 886 789 971 ambigua
810 886 997 972 reliquerat.
1232 967 1233 996 ¹

257 991 289 1055 4.
320 989 397 1054 Fuit
409 990 443 1053 in
456 995 571 1055 senatu
584 989 698 1054 Iunius
712 989 865 1054 Rusticus
884 990 1114 1076 conponendis
1232 1017 1233 1084 ᾗ

193 1101 321 1181 patrum
332 1093 412 1158 actis
424 1092 752 1158 delectusaGaesare
762 1115 867 1178 eoque
877 1095 1115 1158 meditationes
1232 1085 1233 1140 l

193 1197 405 1283 introspicere
428 1197 579 1263 creditus.
608 1197 743 1262 isfatali
765 1197 906 1284 quodam
919 1210 1012 1262 motu
1035 1197 1113 1277 (ne-

195 1325 257 1389 que
280 1302 366 1367 enim
388 1309 462 1367 ante
485 1302 649 1386 specimen
668 1303 867 1366 constantiae
884 1301 1033 1381 dederat)
1049 1323 1116 1366 seu
1232 1307 1233 1332 ¹

172 1427 295 1494 sprava
316 1406 470 1490 sollertia,
494 1406 570 1469 dum
592 1407 831 1470 imminentium
852 1407 972 1470 oblitus
986 1407 1116 1470 incerta
1232 1453 1233 1492 q

195 1518 309 1599 pavet,
337 1511 480 1575 inserere
510 1531 545 1575 se
573 1509 792 1575 dubitantibus
813 1533 852 1575 ac
873 1531 1007 1574 monere
1030 1531 1115 1574 con·
1232 1573 1233 1584 ἶ

197 1615 283 1681 sales
298 1636 339 1679 ne
354 1615 545 1680 relationem
560 1615 754 1699 inciperent;
775 1615 1019 1698 disserebatque
1034 1614 1115 1678 bre-

197 1719 290 1785 vibus
320 1719 491 1784 momentis
522 1739 646 1781 summa
678 1720 778 1800 verti3
812 1719 882 1784 fore
913 1719 1115 1804 quandoque

199 1824 400 1889 Germanicis
423 1824 548 1888 initium
562 1824 739 1908 potentiae.
776 1825 872 1888 simul
884 1824 1024 1909 populus
1039 1823 1115 1887 effi-

163 1930 266 2014 sogies
294 1927 495 2014 Agrippinae
525 1949 563 1992 ac
590 1927 732 1992 Neronis
759 1947 878 2010 gerens
907 1928 1118 1992 circumsistit

197 2033 317 2097 curiam
345 2032 522 2116 faustisque
553 2032 588 2096 in
618 2032 792 2097 Gaesarem
823 2033 983 2098 ominibus
1012 2031 1116 2097 falsas

196 2136 319 2202 litteras
342 2142 376 2200 et
397 2136 543 2221 principe
566 2137 666 2200 invito
691 2136 828 2201 exitium
851 2136 962 2201 domui
983 2137 1116 2202 intendi
1232 2193 1233 2206 ,

198 2240 350 2306 clamitat.
389 2240 436 2304 ita
457 2239 537 2303 nihil
560 2239 651 2304 triste
675 2239 730 2302 illo
749 2239 802 2304 die
818 2247 990 2324 patratum.
1026 2241 1117 2307 fere-

197 2344 314 2408 bantur
337 2344 434 2409 etiam
457 2342 515 2407 sub
531 2343 714 2408 nominibus
730 2345 946 2408 consularium
968 2345 1061 2410 fictae
1078 2347 1117 2412 in
1232 2393 1233 2422 q

165 2448 351 2514 rsSeianum
382 2447 562 2512 sententies
596 2447 825 2512 exercentibus
856 2449 1020 2535 plerisque
1051 2472 1118 2535 per
1232 2495 1233 2550 q

200 2551 360 2619 occultum
376 2561 473 2637 atque
485 2572 525 2615 eo
538 2553 704 2636 procacius
719 2551 885 2616 libidinem
896 2553 1116 2638 ingeniorum.

198 2656 285 2724 unde
315 2657 362 2720 illi
390 2657 438 2720 ira
467 2656 640 2722 violentior
669 2663 702 2720 et
731 2656 882 2721 materies
906 2657 1116 2723 criminandi:
1232 2729 1233 2754 χ

199 2769 344 2848 spretum
368 2759 515 2825 dolorem
537 2759 692 2845 principis
715 2761 755 2825 ab
779 2766 908 2843 senatu,
938 2761 1117 2828 descivisse

199 2865 373 2952 populum3
389 2865 493 2929 audiri
508 2865 572 2930 iam
588 2870 621 2930 et
637 2865 703 2948 legi
717 2881 818 2930 noras
834 2865 1013 2945 contiones,
1029 2885 1116 2930 nova
1232 2901 1233 2956 3

166 2977 327 3059 sopatrum
351 2969 513 3051 consulta3
537 2968 615 3053 quid
637 2968 796 3052 reliquum
818 2969 880 3033 uisi
902 2973 939 3032 ut
961 2977 1117 3054 caperent
1232 2967 1233 3054 ¹

200 3076 322 3141 ferrum
344 3081 392 3156 et,
423 3093 559 3156 quorum
590 3073 748 3157 imagines
777 3095 837 3158 pro
861 3073 990 3138 vexillis
1014 3074 1117 3139 secuti
1232 3097 1233 3164 ζ

200 3180 316 3261 forent,
340 3178 438 3242 duces
460 3177 737 3262 imperatoresque
762 3176 968 3262 deligerent?

266 3287 297 3348 5.
328 3282 433 3366 Igitur
456 3281 576 3346 Caesar
604 3281 749 3366 repetitis
772 3281 941 3346 adversum
963 3289 1117 3368 nepotem

204 3393 237 3448 et
259 3405 374 3448 nurum
397 3384 524 3468 probris
542 3385 763 3469 increpitaque
779 3405 838 3468 per
854 3385 996 3471 edictum
1010 3387 1117 3471 plebe,

205 3491 337 3567 questus
360 3485 445 3568 apud
468 3493 576 3569 patres
599 3485 686 3570 quod
708 3472 821 3552 fraude
844 3490 939 3553 unius
961 3490 1117 3555 senatoris
