2498 4010
312 331 349 370 AB
362 330 487 370 EXOESSU
501 329 566 368 DIVI
579 329 707 370 Avousul
719 329 731 367 Ι
744 330 828 368 45-49.
993 322 1031 378 35

120 491 147 554 si
170 491 399 573 imperatorem
414 487 633 574 sprevissent?
658 495 801 556 ceterum
815 494 852 550 ut
873 487 937 550 iam
954 487 1032 550 iam-

122 616 186 680 que
206 595 308 658 iturus
323 591 403 676 legit
419 593 561 674 comites,
586 591 776 676 conquisivit
791 590 1032 676 impedimenta,

121 697 293 762 adornavit
314 717 431 761 naves:
454 717 532 759 mox
553 697 693 760 hiemem
715 703 770 759 aut
792 696 923 780 negotia
945 696 1033 761 varie
1043 717 1070 756 15

123 799 273 865 causatus
300 801 403 885 primo
434 801 624 884 prudentes,
654 800 729 864 dein
749 802 897 882 vulgum,
922 801 1033 864 diutis-

123 906 203 970 sime
226 905 407 990 provinoias
429 905 554 970 fefellit.
586 938 589 946 =

190 1012 242 1075 48.
284 1009 329 1074 At
369 1009 596 1091 Germanicus,
640 1031 829 1094 quamquam
870 1016 1032 1074 contracto

123 1116 270 1180 exercitu
293 1123 326 1179 et
346 1121 460 1200 parata
480 1115 513 1178 in
533 1115 714 1179 defectores
737 1115 870 1197 ultione,
894 1115 1035 1179 dandum

122 1219 230 1283 adhuc
245 1220 382 1304 spatimn
404 1225 502 1302 ratus,
525 1219 552 1283 si
567 1210 698 1283 recenti
717 1221 866 1304 exemplo
882 1220 950 1284 sibi
973 1219 1035 1304 ipsi

123 1323 338 1406 consulerent,
353 1323 528 1408 praemittit
543 1323 723 1388 litteras‘ad
733 1323 914 1408 Caecinam,
923 1327 1034 1394 venire

123 1449 161 1492 se
176 1427 283 1492 valida
296 1419 455 1510 manuae,
477 1428 510 1491 ni
522 1427 719 1513 supplicium
738 1429 771 1493 in
786 1431 888 1492 malos
904 1450 1057 1513 praesu-s

121 1539 223 1614 mant,
245 1554 378 1596 usurum
391 1533 551 1617 promisca
566 1530 675 1597 caede.
714 1554 769 1597 eas
783 1533 923 1598 Caecina
945 1527 1034 1618 aqui-

121 1637 226 1702 liferis
254 1637 478 1722 signiferisque
510 1646 543 1701 et
572 1635 660 1721 quod
690 1637 829 1702 maxime
859 1643 1035 1701 castrorum

123 1741 285 1806 sincerum
314 1748 384 1807 erat
418 1741 543 1806 occulto
572 1741 686 1805 recitat
708 1750 806 1825 utque
832 1747 963 1805 cunctos
985 1742 1034 1805 in-

122 1847 256 1928 famiae,
289 1868 322 1910 se
353 1847 442 1931 ipsos
472 1847 568 1909 morti
598 1847 740 1911 eximant
767 1847 935 1910 hortatur:
961 1867 1036 1909 nam

122 1951 159 2012 in
187 1971 267 2035 paee
282 1969 285 1974 ·
300 1971 410 2014 causas
441 1956 473 2013 et
501 1950 616 2014 merita
645 1950 799 2034 spectari:
830 1949 886 2012 ub'i
914 1941 1037 2013 bellum
1047 1975 1072 2013 10

123 2054 273 2136 ingruat,
297 2054 484 2130 innoeentes
507 2075 546 2117 ao
567 2053 683 2116 noxios
706 2053 797 2116 iuxta
820 2052 946 2118 eadere.
990 2054 1038 2116 illi

122 2157 289 2241 temptatis
305 2178 384 2241 quos
406 2157 544 2222 idoneos
565 2159 728 2239 rebantur,
751 2170 922 2242 postquam
936 2158 1036 2221 maio-

122 2281 194 2324 rem
216 2259 380 2342 legionum
410 2260 589 2345 partemin
613 2260 717 2324 officio
741 2261 883 2344 vident,
899 2261 941 2326 de
964 2284 1036 2327 sen·

122 2363 228 2427 tentia
254 2365 354 2448 legati
378 2369 521 2428 statuunt
550 2367 695 2449 tempus,
722 2386 785 2450 quo
816 2352 1046 2430 foedissimum

125 2487 293 2551 quemque
311 2465 401 2531 >ferro
435 2467 598 2532 invadant
653 2474 729 2532 tune
761 2470 853 2554 signo
869 2517 872 2520 -
886 2467 971 2534 inter
1002 2491 1036 2534 se
1048 2495 1074 2532 15

125 2569 203 2636 dato
233 2571 418 2656 inrumpunt
448 2572 675 2653 contubernia,
706 2573 865 2648 trucidant
897 2574 1036 2657 ignaros,

123 2674 214 2738 nullo
237 2675 300 2738 nisi
322 2675 458 2739 consciis
483 2682 637 2741 noscente
661 2677 747 2760 quod
771 2677 879 2741 caedis
901 2678 1037 2758 initium,

124 2777 199 2860 quis
220 2777 302 2842 finis.
327 2809 341 2830 κ
1011 2792 1014 2798 ’

192 2883 245 2946 49.
276 2880 582 2967 Diversaomnium,
604 2906 685 2968 quae
707 2907 859 2971 umquam
881 2887 1038 2969 accidere,
1060 2923 1064 2926 ·

126 2985 269 3052 civilium
291 2993 451 3076 armorum
478 2988 587 3052 facies.
630 2985 697 3053 non
718 2990 861 3073 proelio,
876 3017 878 3023 s
892 3012 958 3054 non
981 2991 1037 3055 ad-

124 3091 229 3159 versis
245 3113 263 3155 e
280 3093 402 3175 eastris,
421 3092 484 3156 sed
503 3092 607 3156 isdem
623 3093 822 3176 eoubilibus,
846 3115 927 3178 quos
946 3095 1039 3157 simul

125 3194 393 3278 vescentisdies,
406 3195 642 3281 simul‘quietos
658 3218 725 3260 nox
744 3199 911 3280 habuerat,
934 3198 1038 3262 disoe-

128 3301 211 3368 dunt*
238 3301 272 3364 in
301 3303 424 3384 partes,
456 3301 608 3384 ingerunt
636 3301 711 3364 tela.
758 3302 877 3366 clamor
904 3301 1061 3366 vulneras

127 3405 262 3487 sanguis·
274 3404 394 3489 palam,
415 3425 510 3468 causa
523 3405 557 3469 in
573 3405 716 3486 occulto,
742 3411 851 3469 cetera
863 3405 929 3468 fors
944 3405 1038 3489 regit.

128 3513 162 3573 et
186 3506 494 3592 quidambo'norum
510 3509 604 3591 caesi,
626 3514 799 3593 postquam·
818 3508 983 3573 intellecto
1005 3508 1040 3571 in
