2444 4010
287 333 324 370 aa
338 331 464 371 nxcassu
477 331 542 370 n1v1
556 330 684 370 sucusrr
698 331 733 370 rn
747 331 818 370 c-11.
948 321 1003 378 117

100 490 202 555 butun:
228 511 329 574 eaque
351 511 404 554 res
423 490 544 573 agitata
559 489 750 570 rumoribus,
773 497 809 553 ut
827 490 861 553 in
877 489 1027 573 agmine⁵

100 601 190 680 atque
212 597 326 660 itinere
344 596 455 659 crebro
477 615 511 658 se
526 593 681 658 militibus
698 594 934 659 ostentavisset.
965 594 1005 657 ab

100 700 224 784 Narnia,
246 698 397 786 vitandae
416 699 606 783 suspicionis
626 720 665 762 an
686 698 762 782 quia
781 697 906 783 pavidis
929 718 1004 762 con·

101 805 165 868 silia
193 805 227 869 in
248 804 371 868 incerto
405 809 496 884 sunt,
526 801 613 867 Nare
643 823 681 867 ac
708 823 787 866 mox
809 800 918 865 Tiberi
948 800 1005 864 de-

99 915 207 974 vectus
231 909 321 973 auxit
342 907 431 991 vulgi
453 908 527 990 iras,
551 906 626 990 quia
647 925 763 970 navem
783 906 906 968 tumulo
925 904 1006 969 Cac-

100 1035 203 1078 sarum
221 1013 391 1098 adpulerat
408 1010 524 1097 dicque
550 1019 583 1075 ct
604 1011 674 1096 ripa
696 1011 865 1096 frequenti,
887 1031 1005 1096 magno
1018 1025 1043 1066 1⁰

100 1116 260 1181 clientium
282 1117 409 1202 agmine
432 1117 512 1200 ipse,
535 1115 726 1180 feminarum
742 1116 896 1180 comitatu
910 1116 1007 1181 Plan-

101 1221 167 1284 cina
191 1225 223 1285 et
245 1221 337 1284 vultu
364 1221 486 1284 alacres
508 1219 679 1283 incessere.
708 1219 768 1283 fuit
791 1221 876 1284 inter
898 1221 1007 1285 inrita·
1031 1239 1035 1248 ’

99 1331 205 1388 monta
226 1323 365 1388 invidiae
390 1323 505 1388 domus
527 1323 598 1387 foro
622 1324 780 1388 inminens
796 1322 879 1388 festa
896 1329 1009 1389 ornatu

100 1429 342 1514 conviviumque
372 1435 404 1492 et
434 1427 549 1512 epulae
575 1432 609 1492 ct
630 1427 820 1492 celebritate
842 1427 906 1490 loci
928 1428 1009 1492 nihil

101 1532 269 1597 occultum.
1019 1551 1044 1589 1⁵

163 1637 215 1702 10.
246 1638 384 1701 Postera
407 1636 459 1701 die
474 1635 640 1700 Fulcinius
662 1635 738 1700 Trio
761 1635 916 1700 Pisonem
931 1643 1010 1722 aput

100 1741 246 1806 consules
269 1742 454 1826 postulavit,
476 1740 628 1806 Vitellius
651 1759 688 1803 ao
710 1739 870 1804 Veranius
895 1739 1009 1803 ceteri-

99 1868 158 1931 que
187 1847 412 1912 Germanicum
435 1845 595 1911 comitati:
625 1844 740 1926 ,nullas
762 1845 861 1928 partis
882 1843 1009 1927 Trioni;

99 1971 204 2036 neque
228 1971 262 2014 se
286 1954 500 2032 accusatores,
524 1948 582 2013 sod
599 1970 708 2013 rerum
722 1947 846 2011 in'dices
862 1955 895 2012 ct
909 1954 1010 2014 testes
1100 2031 1101 2036 ἵ

99 2053 251 2119 mandata
268 2054 451 2120 Germanici
473 2049 676 2138 perlaturos‘
708 2052 763 2116 illc
788 2053 918 2118 dimissa
941 2054 1031 2118 eius⁵

100 2179 216 2226 causae
240 2156 403 2222 delatione
425 2163 462 2221 ut
482 2157 623 2241 priorem
645 2157 744 2220 vitam
767 2163 932 2221 accusaret
953 2159 1010 2223 ob·

99 2263 195 2326 tinuit
216 2262 417 2346 petitumque
440 2269 489 2326 est
511 2284 531 2326 a
553 2262 698 2347 principe
717 2263 936 2346 cognitionem
954 2285 1010 2328 ex-

100 2365 231 2450 ciperet.
276 2363 426 2448 quodne
449 2386 524 2428 reus
547 2365 677 2449 quidem
700 2364 878 2449 abnuebat,
906 2366 1013 2431 studia

100 2469 213 2555 populi
237 2474 270 2533 et
287 2473 414 2553 patrum
428 2475 593 2534 metucns:
618 2477 729 2535 contra
743 2471 909 2536 Tiberium
925 2493 1013 2558 sper-

101 2572 215 2639 nendis
238 2573 418 2637 rumoribus
442 2573 585 2637 validum
608 2582 641 2639 et
664 2575 880 2641 conscientiae
902 2577 1013 2641 matris
1023 2597 1048 2636 ro

12 2695 13 2718 ²
100 2677 272 2758 innexum3
295 2697 436 2761 veraque
460 2676 572 2740 autin
594 2675 737 2741 deterius
760 2679 884 2742 credita
905 2677 1012 2743 iudice

102 2783 141 2847 ab
160 2802 227 2845 uno
249 2781 376 2845 facilius
400 2780 549 2864 discerni,
572 2779 683 2845 odium
705 2789 738 2846 et
757 2783 911 2847 invidiam
926 2784 1013 2871 apud

100 2887 221 2950 multos
242 2887 361 2952 valere.
399 2886 485 2950 haud
503 2886 634 2950 fallebat
650 2885 815 2952 Tiberium
834 2888 938 2952 moles
959 2910 1013 2953 co-

102 2990 255 3074 gnitionis
278 3010 405 3076 quaque
432 2991 502 3076 ipse
524 2990 610 3054 fama
634 2989 876 3056 distraheretur.
915 2993 1014 3076 igitur

102 3094 214 3177 paucis
235 3093 439 3158 familiarium
458 3093 613 3158 adhibitis
626 3079 728 3158 minas
746 3096 963 3160 accusantium
982 3102 1048 3160 ctu

103 3197 178 3262 hinc
195 3219 308 3284 preces
324 3199 415 3263 audit
426 3200 649 3283 integramque
665 3219 792 3264 causam
808 3199 850 3262 ad
868 3205 1014 3264 senatum

104 3300 246 3368 remittit.

173 3407 222 3474 11.
253 3405 362 3491 Atque
395 3407 522 3472 interim
556 3408 680 3478 Drusus
713 3406 842 3471 rediens
872 3406 1015 3490 Illyrico,

107 3531 297 3596 quamquam
318 3516 427 3595 patres
449 3511 649 3576 censuissent
672 3511 712 3575 ob
729 3517 895 3594 receptum
910 3509 1015 3576 Maro-

799 3617 812 3664 7
822 3611 857 3646 aa
