2498 4010
213 303 250 356 14
542 305 791 344 coannnn'racrrr

209 463 338 528 fiebant.
378 483 482 546 neque
499 463 636 547 populus
653 463 838 547 ademptum
855 465 905 526 ius
920 467 1050 546 questus
1071 467 1121 525 est

188 567 270 632 snisi
307 567 393 631 inani
432 587 562 632 rumore
597 572 629 630 et
664 571 794 630 senatus
826 565 1049 649 largitionibus
1083 585 1120 627 ac

209 671 358 755 precibus
382 669 519 734 sordidis
543 672 710 734 exsolutus
739 670 841 734 libens
864 669 984 750 tenuit,
1006 666 1119 731 mode-

208 781 300 841 rante
316 774 444 838 Tiberio
466 794 507 837 ne
528 774 637 857 plures
653 795 748 858 quam
764 778 916 856 quattuor
931 770 1120 836 candidatos
1184 842 1189 850 ⁸

209 877 450 943 commendaret
471 877 539 940 sine
556 877 685 960 repulsa
705 882 737 939 et
753 875 874 939 ambitu
890 875 1119 957 designandos.

208 983 292 1046 inter
321 1002 403 1064 quae
435 980 554 1044 tribuni
590 980 697 1064 plebei
733 979 878 1063 petivere
917 984 952 1042 ut
987 979 1118 1064 proprio

174 1117 198 1154 lo
208 1094 337 1170 sumptu
367 1086 502 1150 ederent
529 1085 641 1166 ludos,
672 1085 726 1168 qui
755 1084 795 1148 de
825 1085 956 1148 nomine
979 1083 1120 1169 Augusti

207 1191 295 1255 fastis
318 1189 420 1254 additi
441 1188 638 1274 Augustales
661 1193 862 1252 vocarentur.
909 1188 967 1253 sed
990 1188 1121 1252 decreta

207 1295 344 1379 pecunia
364 1314 406 1358 ex
429 1293 552 1357 aerario
581 1299 680 1377 utque
709 1313 767 1377 per
791 1293 910 1356 circum
933 1291 1119 1374 triumphali

207 1404 296 1462 veste
312 1403 496 1462 uterentur:
513 1417 608 1460 curru
619 1396 694 1461 vehi
709 1395 795 1459 haud
810 1396 1012 1478 permissum.
1041 1416 1119 1458 mox

207 1500 382 1566 celebratio
407 1502 487 1565 abiit
508 1501 550 1565 ad
569 1505 771 1584 praetorem,
795 1500 846 1564 cui
868 1499 952 1562 inter
976 1499 1062 1574 circs
1086 1506 1120 1561 et

173 1606 396 1690 rspercgrinos
420 1605 596 1669 iurisdictio
622 1606 793 1669 evenisset.

274 1711 323 1775 16.
355 1710 420 1774 Hic
443 1730 551 1773 rerum
580 1709 774 1774 urbanarum
805 1715 906 1772 status
930 1714 1012 1788 crat,
1046 1729 1119 1770 cum

205 1815 409 1879 Pannonicas
431 1815 578 1898 legiones
602 1813 717 1878 seditio
742 1815 881 1896 incessit,
909 1813 1004 1876 nullis
1026 1812 1119 1876 novis

207 1921 319 2002 causis,
343 1921 404 1982 nisi
420 1919 506 2004 qnod
529 1924 671 1984 mutatus
693 1920 844 2004 princeps
867 1917 1029 1981 licentiam
1053 1921 1120 1980 tur-

206 2023 319 2087 barum
334 2031 366 2088 ct
381 2044 423 2087 ex
439 2023 525 2086 civili
543 2023 630 2088 bello
653 2043 745 2107 spem
767 2023 990 2106 praemiorum,
1010 2025 1118 2084 osten-

207 2124 315 2190 debat.
360 2128 472 2191 castris
495 2128 626 2191 aestivis
646 2134 712 2191 tres
730 2127 826 2190 ,simul
849 2126 996 2214 legiones
1019 2125 1118 2188 habc-

205 2234 330 2314 bantnr,
353 2233 559 2318 praesidente
574 2232 669 2297 Iunio
686 2232 814 2307 Blaeso,
832 2230 885 2314 qui
900 2231 963 2294 fine
978 2229 1119 2314 Augusti

206 2341 238 2400 et
261 2336 360 2400 initiis
375 2335 495 2400 Tiberii
514 2335 632 2399 auditis
655 2335 869 2398 intermiserat
889 2334 984 2399 solita
998 2335 1117 2397 munia.

207 2460 247 2503 eo
271 2440 430 2524 principio
453 2439 600 2503 lascivire
623 2438 732 2519 miles,
757 2436 959 2519 discordare,
987 2439 1118 2523 pessimi

207 2545 360 2630 cuiusque
398 2544 598 2609 sermonibus
631 2543 787 2627 praebere
826 2562 939 2623 aures,
979 2541 1117 2625 denique

173 2675 198 2714 ιο
206 2651 320 2714 luxum
343 2655 376 2713 et
399 2649 499 2713 otium
525 2669 661 2732 cupere,
685 2647 885 2732 disciplinam
909 2653 943 2711 et
973 2647 1117 2710 laborem

208 2755 381 2839 aspamari.
436 2758 505 2816 erat
535 2751 568 2816 in
607 2752 718 2816 castris
746 2750 944 2814 Percennius
976 2750 1117 2835 quidam,

209 2859 275 2922 dux
299 2859 375 2922 olim
403 2857 607 2921 theatralium
630 2876 815 2940 operarum,
846 2854 921 2919 dein
950 2856 1118 2938 gregarius

209 2963 310 3046 miles,
335 2983 456 3047 procax
478 2962 588 3047 lingua
603 2968 635 3026 et
657 2961 791 3025 miscere
809 2968 920 3025 coetus
934 2960 1118 3025 histrionali

209 3066 315 3132 studio
346 3066 469 3131 doctus.
514 3067 541 3130 is
570 3066 725 3150 inperitos
755 3067 879 3129 animos
904 3074 938 3130 et
959 3087 1116 3150 quaenam

173 3191 198 3230 15
207 3176 282 3254 post
304 3169 487 3255 Augustum
517 3171 651 3235 militiae
675 3169 821 3233 condicio
846 3169 1045 3252 ambigentes
1068 3171 1116 3233 in·

207 3275 329 3359 pellere
357 3275 512 3358 paulatim
544 3274 708 3339 nocturnis
738 3273 916 3358 conloquiis
947 3281 1002 3338 aut
1029 3275 1114 3338 flexo

206 3380 239 3445 in
254 3400 424 3464 vesperam
443 3377 495 3443 dic
513 3385 545 3443 et
562 3377 691 3462 dilapsis
707 3377 894 3444 melioribus
910 3378 1116 3444 deterrimum

208 3503 368 3568 quemque
392 3502 601 3566 congregare.
