2436 4008
236 301 291 356 162
566 305 704 346 conanum
718 305 815 345 sacrm

199 487 224 527 10
233 465 380 530 refertur.
425 464 666 528 multitudinem
688 471 915 529 veteranorum
936 465 1137 550 praetexebat

233 570 409 653 imperator
426 573 459 632 et
475 567 647 632 dilectibus
663 568 862 653 supplendos
878 569 1056 634 exercitus:
1070 591 1136 634 nam

233 673 448 739 voluntarium
473 671 607 736 militem
624 671 737 737 deesse
754 694 800 753 ac,
824 674 851 736 si
866 674 1060 758 suppeditet,
1080 694 1137 738 non

234 777 350 842 eadem
372 777 490 842 virtute
509 797 546 840 ao
561 777 721 842 modestia
737 799 845 861 agere,
869 779 943 864 quia
957 778 1137 864 plerumque

234 885 348 965 inopes
370 903 407 946 ac
430 883 505 966 vagi
528 889 644 966 sponte
667 883 815 948 militiam
837 891 975 950 sumant..
1015 905 1139 971 percan-

200 989 360 1070 usuitque
390 986 506 1049 cursim
534 1007 703 1052 numerum
727 987 892 1071 legionum
916 995 951 1053 et
973 1011 1051 1074 quas
1070 1009 1139 1074 pro-

233 1091 353 1156 vincias
375 1095 567 1154 tutarentur.
603 1091 690 1175 quod
713 1093 792 1156 mihi
815 1113 943 1178 quoque
967 1113 1141 1178 exsequen-

234 1197 311 1261 dum
333 1215 416 1267 reor,
441 1215 523 1279 quae
546 1200 623 1259 tuno
638 1195 788 1260 Romana
807 1198 900 1282 copia
915 1198 948 1260 in
964 1199 1069 1278 armis,
1091 1197 1141 1282 qui

234 1299 312 1366 sccii
335 1319 438 1392 reges,
463 1305 582 1382 quanto
605 1301 772 1384 angustius
795 1303 1026 1387 imperitatum.

299 1407 329 1468 5.
354 1403 482 1469 Italiam
496 1411 633 1489 utroque
650 1406 731 1468 mari
745 1406 828 1471 duae
843 1407 971 1489 classes,
987 1407 1142 1473 Misenum

234 1496 311 1595 aput
341 1517 374 1575 et
402 1510 608 1592 Ravennam,
637 1511 886 1596 proximumque
917 1510 1044 1577 Galliae
1073 1512 1145 1576 litus

233 1622 390 1679 rostratae
419 1635 518 1678 naves
548 1613 793 1699 praesidebant,
823 1636 902 1699 quas
926 1615 1062 1681 Actiaca
1084 1617 1146 1679 vic·

233 1722 316 1784 toria
346 1726 455 1804 captas
485 1719 651 1803 Augustus
679 1720 712 1783 in
743 1719 896 1804 oppidum
924 1721 1147 1786 Foroiuliense

213 1827 367 1889 amiserat
388 1823 494 1888 valido
520 1845 590 1888 cum
614 1825 749 1908 remige.
783 1823 840 1888 scd
863 1825 1075 1909 praecipuum
1097 1845 1147 1888 ro·

234 1930 295 1994 bur
309 1929 459 1994 Rhenum
475 1929 574 2010 iuxta,
592 1949 761 1992 commune
777 1930 809 1991 in
827 1927 1006 1992 Germanos
1022 1927 1147 1992 Gallos·

117 2041 119 2046 '
235 2055 297 2118 que
326 2032 518 2114 subsidium,
549 2039 620 2097 octo
651 2033 798 2116 legiones
826 2039 927 2097 crant.
971 2032 1148 2118 Hispaniae

234 2159 347 2202 recens
360 2136 561 2221 perdomitae
577 2137 677 2201 tribus
690 2136 899 2202 habebantur.
923 2138 1056 2202 Mauros
1066 2136 1147 2202 Iuba

234 2265 294 2308 rex
309 2248 478 2328 acceperat
493 2242 612 2307 donum
627 2243 740 2327 populi
754 2241 903 2307 Romani.
941 2248 1048 2307 cetera
1062 2241 1148 2306 Ani·
1213 2259 1214 2307 l

200 2366 224 2404 10
236 2369 291 2412 cae
314 2367 372 2433 per
396 2347 476 2410 duas
498 2346 645 2432 legiones
664 2348 797 2430 parique
813 2367 948 2411 numero
964 2345 1147 2431 Aegyptus,

235 2451 351 2515 dehinc
373 2451 464 2515 initio
488 2450 528 2514 ab
544 2450 655 2515 Suriae
678 2472 779 2534 usque
802 2451 843 2515 ad
864 2451 984 2515 flumen
999 2449 1148 2534 Euphra·

233 2563 299 2638 ten,
323 2560 475 2641 quantum
491 2556 616 2640 ingenti
630 2561 789 2620 terrarum
804 2555 875 2618 sinu
891 2554 1041 2635 ambitur,
1058 2560 1148 2639 quat·
1212 2627 1213 2630 Ἴ

233 2667 307 2724 tuor
322 2660 503 2740 legionibus
518 2660 668 2742 coercita,
686 2660 802 2724 accolis
815 2659 940 2725 Hibero
954 2657 1147 2744 Albanoque

235 2772 268 2830 et
298 2765 368 2828 aliis
397 2765 544 2849 regibus,
574 2765 629 2848 qui
657 2763 879 2848 magnitudine
906 2768 1017 2828 nostra
1038 2773 1147 2849 prote·

121 2869 126 2882 '
199 2882 224 2921 1⁵
234 2873 353 2951 guntur
376 2867 547 2932 adversum
570 2877 706 2933 externa
727 2867 872 2952 imperia.
911 2874 944 2932 et
957 2866 1147 2933 Thraeciam
1211 2939 1212 2950 χ

233 2969 483 3036 Rhoemetalces
506 2993 544 3035 ac
567 2972 659 3036 liberi
679 2971 801 3055 Cotyis,
824 2971 992 3056 ripamque
1008 2971 1148 3036 Danuvii
1211 2953 1212 2973 ¹

233 3074 397 3157 legionum
421 3075 502 3139 duae
525 3075 558 3138 in
580 3075 761 3156 Pannonia,
791 3076 873 3140 duae
896 3077 931 3140 in
951 3076 1078 3142 Moesia
1099 3085 1146 3142 at·

233 3179 395 3260 tinebant,
424 3179 561 3246 totidem
584 3179 670 3264 apud
692 3179 889 3244 Delmatiam
911 3181 1043 3261 locatis,
1065 3201 1147 3266 quae
1210 3229 1211 3242 ,

233 3284 340 3367 positu
371 3284 513 3367 regionis
541 3303 561 3346 a
587 3288 680 3366 tergo
710 3283 773 3346 illis
803 3305 855 3366 ac,
889 3285 915 3349 si
942 3285 1146 3369 repentinum

198 3390 386 3453 aoauxilium
410 3389 504 3453 Italia
526 3395 692 3474 posceret,
714 3389 801 3454 haud
823 3391 935 3474 procul
958 3389 1147 3470 accirentur,

234 3511 427 3576 quamquam
456 3492 612 3558 insideret
633 3491 747 3556 urbem
771 3493 920 3578 proprius
942 3492 1052 3574 miles,
1081 3499 1147 3558 tras
1209 3515 1210 3550 ὲ
