2444 4010
216 317 254 375 98
555 324 694 364 ooaunnn
709 324 807 364 raorrr

214 483 302 548 mum
325 482 489 568 quondam
505 503 618 568 regern
633 482 674 548 ad
692 504 726 548 se
742 482 934 548 vocantibus
949 482 1123 548 Romanam

216 589 391 654 amicitiam
405 589 606 674 praetulisse.
638 609 828 674 responsum
845 587 1016 652 aansare
1027 593 1123 652 tutam

214 693 472 778 honoratamque
504 693 617 758 sedem
640 694 674 756 in
696 693 792 759 Italia
813 694 893 776 fore,
917 693 945 756 si
968 699 1122 758 maneret:

216 797 265 860 sin
288 795 376 860 aliud
400 797 607 879 conduceret,
631 796 790 862 abiturum
812 796 876 860 fide
900 817 964 880 qua
979 797 1125 861 venisset.

181 905 361 966 roceterum
391 900 478 986 apud
508 907 655 966 senatum
685 900 835 966 disseruit
858 921 923 965 nen
946 899 1127 985 Philippum
1203 969 1204 972 Ἴ

217 1006 481 1091 Atheniensibus,
497 1028 565 1073 non
579 1008 721 1090 Pyrrum
737 1007 1128 1093 autAntioehumpopulo

216 1112 367 1178 Romano
390 1111 525 1196 perinde
548 1106 740 1180 metuendos
764 1113 871 1179 fuisse.
910 1119 1002 1178 extat
1019 1114 1129 1194 oratio,

219 1239 282 1302 qua
311 1216 568 1300 magnitudinem
597 1217 674 1298 viri,
704 1219 893 1283 violentiam
917 1218 1129 1283 subiectarum

219 1321 380 1406 gentium,
409 1342 504 1406 quam
528 1323 728 1408 propinquus
751 1321 864 1386 Italiae
888 1321 990 1387 hostis
1013 1341 1131 1407 suaque

185 1445 210 1484 1⁶
218 1427 252 1492 in
284 1425 480 1492 destruendo
514 1427 648 1492 consilia
680 1427 805 1492 extulit.
858 1432 892 1493 et
913 1426 1132 1494 Maroboduus

220 1530 351 1614 quidem
375 1528 552 1595 Ravennae
575 1530 719 1613 habitus,
750 1529 878 1614 quando
902 1532 1133 1598 insolescerent

220 1635 328 1718 Suebi,
352 1636 443 1720 quasi
465 1634 627 1700 rediturus
651 1635 890 1700 ostentabatur:
914 1635 973 1699 sed
994 1657 1064 1702 non
1079 1657 1132 1701 ex-

122 1792 125 1802 ,
220 1739 316 1804 cessit
338 1739 434 1804 Italia
453 1760 513 1824 per
536 1738 761 1823 duodeviginti
783 1759 884 1804 annos
904 1741 1134 1826 consenuitque

220 1844 356 1906 multum
388 1843 558 1908 imminuta
590 1843 736 1908 claritate
768 1843 809 1906 ob
842 1843 974 1908 nimiam
1006 1843 1134 1911 vivendi

183 1963 210 2004 20
219 1946 412 2032 cupidinem.
457 1946 546 2012 idem
578 1945 756 2011 Catualdae
785 1969 876 2012 casus
910 1969 1016 2033 neque
1049 1949 1134 2015 aliud

101 2058 107 2068 ‘
220 2051 413 2137 perfugium.
449 2053 560 2136 pulsus
575 2049 663 2115 haud
679 2051 781 2117 multo
797 2059 873 2137 post
888 2053 1135 2119 Hermunduro-

220 2177 290 2219 rum
322 2157 437 2241 opibus
468 2162 501 2222 et
524 2156 645 2226 Vibilio
671 2154 753 2220 duce
777 2161 990 2241 receptusque
1015 2157 1135 2223 Forum

219 2260 340 2324 Iulium
370 2259 591 2325 Narbonensis
624 2259 749 2324 Galbae
790 2259 950 2325 coloniam
991 2260 1137 2325 mittitur.

219 2362 347 2428 barbari
369 2369 542 2448 utrumque
565 2363 709 2427 comitati
731 2383 773 2428 ne
797 2363 921 2448 quietas
953 2366 1138 2448 provincias

184 2490 211 2528 aa
221 2465 361 2531 immixti
384 2466 561 2549 turbarent,
584 2467 771 2534 Danuvium
793 2470 877 2532 ultra
899 2469 984 2533 inter
1006 2470 1138 2534 flumina

221 2570 346 2634 Marum
383 2576 416 2635 et
452 2570 573 2636 (lusum
605 2572 754 2637 locantur
772 2633 773 2636 ,
789 2573 864 2637 dato
897 2593 976 2658 rege
1007 2571 1135 2638 Vannio

221 2675 327 2762 gentis
352 2675 552 2750 Quadorum.
885 2737 886 2742 ,

285 2780 337 2845 64.
367 2779 470 2844 Simul
492 2779 638 2845 nuntiato
662 2800 776 2865 regem
799 2779 959 2844 Artaxian
973 2779 1138 2846 Armeniis

220 2907 239 2949 a
269 2884 462 2950 Germanico
497 2885 607 2949 datum
644 2883 819 2952 decrevere
850 2890 958 2969 patres
988 2890 1025 2950 ut
1056 2884 1138 2950 Ger·

219 2991 363 3054 manicns
391 2995 486 3075 atque
509 2989 635 3053 Drusus
660 2994 795 3054 ouantes
817 2989 932 3053 urbem
955 2988 1137 3054 introirent.

219 3093 333 3158 suncti
349 3098 382 3157 et
396 3113 489 3158 araus
505 3090 624 3157 circum
640 3092 742 3158 latera
758 3092 872 3177 templi
886 3092 1000 3158 Martis
1012 3093 1139 3158 Ultoris

197 3220 293 3265 scum
316 3198 424 3283 effigie
448 3197 634 3279 (laesarum,
656 3197 793 3263 laetiore
815 3197 958 3280 Tiberio,
982 3199 1059 3281 quia
1080 3218 1137 3281 pa·

221 3324 291 3368 cem
307 3302 465 3389 sapientia
480 3302 671 3385 firmaverat,
688 3322 784 3386 quam
799 3303 826 3366 si
840 3301 963 3367 bellum
977 3322 1038 3387 per
1053 3301 1140 3367 acies

222 3407 422 3471 confecisset.
466 3405 566 3488 igitur
589 3404 829 3490 Rhescuporim
852 3425 992 3490 quoque,
1016 3405 1137 3471 Thrae-

220 3508 289 3574 ciae
318 3528 446 3594 regem,
479 3515 550 3573 astu
573 3508 772 3592 adgreditur.
820 3529 949 3574 omnem
972 3510 1138 3577 nationem
