2444 4010
218 259 275 318 170
546 263 796 304 corunuurscrrr

218 425 275 508 rit,
306 444 425 508 magna
455 446 527 490 cum
556 425 802 491 adseveratione
832 425 985 512 principis
1006 448 1073 492 non
1096 449 1131 492 se

219 532 268 594 ius
290 530 352 594 nisi
374 530 408 594 in
428 528 558 594 servitia
580 535 613 593 et
627 529 781 613 pecunias
794 530 969 596 familiares
984 531 1132 596 dedisse:

101 664 103 669 ·
220 635 307 720 quod
330 634 438 699 sirim
460 634 617 719 praetoris
639 640 826 718 usurpasset
843 635 1056 719 manibusque
1073 635 1133 699 mi-

220 741 315 805 litum
336 759 413 804 usus
435 737 530 818 foret,
554 723 662 823 spreta
684 736 717 800 in
741 758 779 801 cc
803 737 956 802 mandata
979 759 1053 802 sua:
1078 759 1135 804 au·

188 862 213 902 1⁵
223 844 328 908 dirent
351 841 466 906 socios.
501 842 546 906 ita
561 862 636 907 reus
658 841 787 924 cognito
802 841 938 924 negotio
952 841 1136 907 damnatur.

223 947 264 1009 ob
288 967 383 1029 quam
406 945 563 1010 ultionem
586 951 621 1010 et
644 945 718 1028 quia
739 945 848 1028 priore
871 965 956 1010 anno
980 946 1014 1010 in
1032 946 1070 1012 Ο.
1087 948 1137 1013 Si-

222 1050 331 1114 lanum
362 1048 559 1114 vindicatum
596 1055 666 1113 erat
699 1047 873 1114 decrevere
905 1049 1005 1115 Asiae
1039 1053 1138 1116 urbes

223 1152 380 1237 templum
408 1151 539 1217 Tiberio
569 1153 726 1237 matrique
756 1155 825 1219 eius
854 1173 893 1219 ac
921 1156 1059 1221 senatui.
1107 1165 1139 1222 et

223 1257 415 1343 permissum
430 1261 587 1337 statuere3
611 1258 741 1342 egitque
756 1257 845 1323 Nero
861 1265 970 1342 grates
987 1281 1028 1324 ea
1043 1280 1139 1324 eausa

189 1385 215 1425 1ο
223 1360 366 1447 patribus
390 1365 485 1444 atque
509 1381 587 1443 avo,
616 1361 717 1426 lactas
745 1361 830 1426 inter
858 1361 1060 1427 audientium
1085 1363 1140 1427 ad·

223 1466 396 1546 sectiones,
430 1467 485 1550 qui
512 1466 635 1532 recenti
658 1466 815 1531 memoria
839 1468 1026 1532 Germanioi
1048 1468 1140 1532 illum

225 1570 339 1657 aspici,
361 1570 452 1635 illum
476 1568 579 1636 audiri
601 1570 764 1635 rebantur.
809 1571 1007 1655 aderantque
1030 1572 1141 1637 iuveni

225 1674 384 1741 modestia
406 1694 443 1738 ao
465 1673 568 1738 forma
590 1674 735 1759 principe
757 1675 826 1739 viro
852 1674 966 1758 digna,
995 1677 1086 1740 notis
1109 1677 1140 1740 in

225 1801 301 1876 ¹saum
323 1777 432 1843 Seiani
455 1778 537 1843 odiis
560 1778 601 1844 cb
624 1779 803 1863 periculum
824 1782 976 1862 gratiora.

294 1884 344 1947 16.
379 1882 444 1948 Sub
477 1882 564 1948 idem
595 1890 723 1968 tempus
754 1885 797 1949 de
829 1885 957 1951 flamine
988 1885 1079 1950 Diali
1110 1887 1139 1950 in

228 1988 334 2052 lccum
350 1985 443 2051 Servi
457 1985 689 2069 Maluginensis
712 1985 854 2052 defuncti
869 1987 1021 2072 legendo,
1044 1989 1141 2053 simul

229 2095 374 2180 roganda
405 2113 490 2157 nova
517 2094 591 2175 lege
624 2091 773 2158 disseruit
804 2092 932 2157 Cacsar.
977 2115 1053 2158 nam
1086 2115 1141 2179 pa-

229 2198 338 2263 tricios
362 2195 571 2263 confarreatis
593 2196 780 2279 parentibus
803 2197 931 2280 genitos
956 2202 1023 2262 tres
1046 2198 1142 2263 simul

209 2301 397 2380 ammirari,
421 2321 464 2365 ex
486 2299 557 2384 quis
580 2320 662 2366 unus
684 2301 858 2384 legeretur,
881 2305 1010 2366 vetusto
1033 2322 1141 2383 more;

231 2426 335 2490 neque
359 2405 485 2485 adesse,
508 2412 544 2469 ut
560 2405 647 2486 olim,
670 2425 741 2469 eam
766 2405 902 2488 copiam,
926 2406 1043 2470 omissa
1066 2427 1140 2471 oon-

229 2509 391 2574 fcrreandi
413 2508 627 2574 adsuetudine
657 2513 711 2571 aut
740 2508 825 2573 inter
854 2529 975 2592 paucos
996 2515 1139 2575 retenta:

231 2613 418 2698 (pluresque
443 2614 512 2677 eius
535 2613 582 2677 roi
606 2632 717 2677 causas
740 2610 916 2696 adferebat,
942 2613 1142 2698 potissimam

230 2738 330 2803 penes
353 2716 508 2782 incuriam
530 2719 673 2782 virorum
691 2715 962 2802 feminarumque:
986 2718 1141 2784 accedere

196 2847 221 2886 ιο
230 2823 329 2909 ipsius
346 2823 559 2887 caerimoniae
576 2821 790 2903 difficultates,
806 2841 888 2905 quae
904 2823 1051 2886 consulto
1064 2825 1142 2888 rita·

230 2925 354 3009 rentur)
378 2932 412 2991 et
430 2927 518 3011 quod
537 2926 644 2990 exiret
660 2945 679 2988 e
693 2924 764 2988 iure
780 2925 884 3008 patrio
900 2925 979 3009 quid
994 2926 1028 2989 id
1043 2926 1140 2990 flami·

230 3033 319 3098 nium
334 3031 532 3117 apisceretur
553 3049 700 3114 quaeque
718 3028 752 3093 in
769 3048 900 3092 manum
914 3029 1051 3095 flaminis
1068 3051 1140 3096 oon·

231 3135 366 3202 veniret.
405 3135 449 3197 'ta
470 3133 667 3198 medendum
690 3137 820 3198 senatus
842 3131 972 3198 decreto
988 3142 1045 3199 ant
1059 3135 1141 3218 lege,

231 3240 313 3304 sicut
335 3237 503 3323 Augustus
525 3235 686 3322 quaedam
711 3255 753 3300 ex
776 3235 908 3300 horrida
928 3236 985 3301 illa
1006 3238 1140 3324 antiqni-

198 3364 223 3404 15
231 3348 297 3406 tate
327 3341 369 3405 ad
397 3348 601 3426 praesentem
626 3361 720 3405 usum
741 3340 897 3406 flexisset.
941 3343 1039 3426 igitur
1060 3349 1140 3406 trao-

233 3446 309 3510 tatis
324 3445 536 3530 religionibus
551 3445 705 3530 placitum
720 3445 867 3510 instituto
884 3446 1049 3512 flaminum
1065 3444 1139 3512 nihil
