2444 4010
290 336 328 376 ΔΒ
341 335 467 376 EXOESSU
480 334 545 376 Dm
558 334 686 376 AUGUSTI
698 335 722 374 11
736 334 820 374 'ta-tt.
954 330 1012 389 105

166 497 214 562 75.
237 495 284 562 At
298 495 488 583 Agrippina,
511 516 704 582 quamquam
727 495 855 560 defessa
874 496 963 560 luctu
980 502 1013 560 et

100 621 236 688 corpore
269 623 386 688 aegro,
425 601 566 666 omnium
600 606 708 666 tamen
742 618 824 684 quae
856 599 1014 665 ultionem

97 710 298 770 morarentur
324 704 501 770 intolerans
530 703 677 770 ascendit
705 703 841 768 classem
870 724 943 768 cum
968 705 1012 768 ci-

96 809 227 876 neribus
244 809 429 875 Germanioi
452 816 485 874 et
506 809 615 874 liberis
638 807 864 873 miserantibus
880 809 1012 891 cunctis,

96 915 185 1001 quod
198 915 317 980 femina
331 913 498 978 nobilitata
513 913 672 998 princeps,
684 911 899 996 pulcherrimo
912 912 1034 976 modos

95 1019 301 1084 matrimonio
333 1019 417 1084 inter
447 1019 631 1083 venerantis
662 1017 882 1101 gratantisque
912 1017 1012 1102 aspici

95 1124 208 1205 solita,
236 1130 313 1188 tunc
341 1122 449 1188 feralia
476 1121 627 1207 reliquias
652 1121 723 1187 sinu
745 1120 861 1204 ferret,
890 1121 1012 1186 incerta

94 1227 243 1311 ultionis,
272 1227 369 1292 anxia
397 1226 446 1290 sui
475 1231 508 1290 et
536 1224 686 1290 fortunae
715 1224 836 1290 totiens
859 1224 1011 1289 obnoxia.

93 1332 249 1397 Pisonem
270 1331 400 1396 interim
423 1328 510 1416 apud
527 1329 631 1394 (lcum
653 1328 789 1393 insulam
808 1329 938 1393 nuntius
955 1328 1012 1393 ad·

93 1437 240 1522 sequitur
269 1435 449 1502 excessisse
477 1433 714 1499 Germanicum.
760 1454 823 1518 quo
852 1434 1011 1520 intempe-
1019 1455 1045 1494 10

94 1546 203 1604 ranter
224 1545 358 1624 accepto
382 1537 490 1603 caedit
507 1539 662 1621 victimas,
686 1537 754 1601 adit
768 1539 892 1624 templa
906 1558 1011 1623 neque

93 1644 164 1729 ipse
199 1631 363 1727 gaudium
388 1642 562 1708 moderans
594 1648 628 1708 et
662 1643 765 1726 magis
797 1643 1012 1708 insolescente

92 1749 258 1831 Plancina,
274 1767 356 1832 quae
370 1747 492 1811 luctum
506 1747 641 1812 amissae
657 1747 777 1812 sororis
791 1751 859 1810 tum
873 1747 1012 1830 primum

95 1853 180 1918 laeto
205 1853 294 1918 cultu
318 1852 463 1918 mutavit.

152 1956 1009 2042 76.Adfluebantcenturionesmonebantquepromp-

93 2071 126 2128 ta
147 2062 196 2126 illi
218 2062 384 2146 legionum
406 2062 528 2127 studia:
552 2067 717 2147 repeteret
731 2060 929 2147 provinciam
945 2081 1011 2125 non

93 2167 162 2232 iure
193 2167 332 2232 ablatam
362 2172 396 2231 et
423 2186 569 2233 uacuam.
613 2166 713 2252 igitur
741 2165 820 2251 quid
847 2164 1010 2248 agendum

95 2271 287 2336 consultanti
309 2272 354 2337 M.
372 2269 449 2334 Piso
472 2271 556 2336 filius
579 2269 818 2356 properandum
840 2271 875 2335 in
897 2269 1010 2334 urbem

96 2374 265 2440 censebat:
287 2374 367 2440 nihil
384 2373 489 2439 adhuc
503 2373 700 2459 inexpiabile
716 2374 890 2440 admissum
905 2395 1033 2459 nequet

94 2480 293 2565 suspiciones
321 2479 488 2545 inbecillas
518 2484 573 2544 ant
601 2479 709 2544 inania
731 2478 835 2544 lamae
857 2479 1010 2564 pertime-

95 2583 223 2649 scenda.
268 2583 462 2648 discordiam
491 2605 569 2668 erga
593 2584 822 2649 Germanicum
845 2582 920 2648 odio
944 2582 1010 2647 lor-

94 2693 177 2753 tasse
202 2687 343 2773 dignam,
367 2709 433 2754 non
455 2710 577 2774 poena;
601 2695 633 2754 et
654 2686 863 2774 ademptione
879 2689 1009 2774 provin·

95 2791 162 2856 ciae
185 2792 403 2857 satisfactum
426 2793 573 2858 inimicis.
612 2791 700 2877 quod
723 2792 750 2856 si
772 2791 1010 2878 regrederetur,

96 2893 270 2961 obsistente
292 2894 404 2960 Sentio
428 2895 522 2962 civile
546 2896 668 2961 bellum
690 2895 805 2981 incipl3
832 2916 893 2960 nec
917 2895 1043 2960 dura-m

95 3005 183 3063 turos
214 2999 247 3062 in
279 3000 422 3084 partibus
455 3001 659 3067 centuriones
690 3000 888 3086 militesque,
924 2999 1011 3085 apud

95 3121 174 3185 quos
202 3121 316 3168 recens
345 3103 551 3188 imperatoris
576 3106 625 3168 sui
647 3105 805 3171 memoria
828 3112 860 3170 at
882 3105 1010 3190 penitus

95 3205 209 3271 infixus
231 3208 265 3270 in
289 3206 444 3272 Caesares
468 3230 559 3274 amor
582 3210 795 3295 praevaleret.

158 3312 210 3375 77.
241 3310 361 3376 Oontra
389 3312 553 3378 Domitius
584 3312 695 3395 Celer,
728 3333 770 3378 ex
799 3312 910 3376 intima
940 3310 1009 3376 eius

96 3415 249 3497 amicitia,
281 3414 448 3480 disseruit:
484 3417 641 3482 utendum
674 3420 808 3496 eventu;
843 3414 1009 3497 Pisonem,

96 3537 158 3581 non
180 3517 325 3583 Sentium
348 3518 461 3584 Suriae
485 3521 720 3606 praepositum:
751 3518 827 3584 huic
848 3518 951 3585 fasces
975 3526 1011 3584 et
