2482 4014
189 321 247 376 248
516 323 655 376 connum
668 323 766 362 raorrr

187 484 248 548 bus
276 482 436 568 proelium
463 487 495 546 et
523 481 666 545 festinati
694 501 786 544 casus
815 478 1000 564 placebant,
1034 479 1102 543 dis-

189 589 291 653 iectos
315 593 347 651 et
369 587 604 672 longinquitate
634 584 758 649 itineris
787 584 891 649 fessos
921 604 962 649 ne
991 584 1101 648 animo

190 691 321 777 quidem
352 692 428 756 satis
458 690 499 754 ad
530 690 720 775 opsequium
749 689 906 755 coaluisse
930 689 1103 772 disserunt,

154 796 373 882 1⁵proditores
399 816 503 880 nuper
530 795 705 879 hostesque
737 794 823 876 eius,
853 813 949 878 quem
976 813 1104 858 rursum

189 899 329 965 foveant.
388 920 501 963 verum
533 896 745 980 Abdagaeses
781 897 1033 983 regrediendum
1069 897 1102 961 in

189 1002 459 1089 Mesopotamiam
482 1001 650 1084 censebat,
682 1009 718 1065 ut
741 1022 833 1066 amne
859 1001 1004 1084 obiect0,
1035 999 1101 1064 Ar-

188 1110 304 1174 meniis
333 1107 462 1172 interim
484 1106 712 1190 Elymaeisque
746 1113 778 1170 et
806 1108 923 1171 ceteris
957 1127 976 1169 a
1005 1113 1101 1190 tergo

190 1213 320 1294 excitis,
350 1211 435 1280 aucti
463 1211 564 1296 copiis
586 1210 758 1275 socialibus
782 1215 815 1274 et
837 1232 920 1295 quas
944 1209 1012 1274 dux
1033 1209 1101 1274 Ro·
1178 1259 1183 1268 .

126 1343 127 1346 ¹
154 1334 301 1382 20manus
318 1317 456 1381 misisset
470 1315 633 1379 fortunam
646 1320 853 1400 temptarent.
886 1337 925 1381 ea
940 1315 1102 1380 sententia

188 1422 298 1505 valuit,
322 1420 397 1506 qnia
419 1419 557 1503 plurima
575 1419 749 1483 auctoritas
768 1440 868 1504 penes
883 1415 1101 1503 Abdagaesen

190 1535 222 1590 et
238 1525 398 1591 Tiridates
420 1526 556 1608 ignavus
580 1524 622 1588 ad
646 1524 789 1607 pericula
812 1529 891 1588 erat.
930 1523 987 1588 sed
1003 1524 1100 1609 fugae

190 1630 298 1715 specie
322 1628 514 1710 discessum3
547 1649 584 1691 ac
606 1628 766 1713 principio
790 1649 810 1690 a
833 1631 931 1710 gente
953 1626 1102 1691 Arabum

188 1734 272 1798 facto
291 1733 404 1797 domos
426 1732 545 1797 abeunt
567 1731 621 1797 vel
636 1733 669 1795 in
686 1737 789 1797 castra
803 1730 970 1814 Artabani,
995 1730 1101 1796 donec

152 1861 178 1899 25
188 1838 348 1901 Tiridates
372 1857 445 1900 oum
467 1834 577 1920 paucis
601 1835 633 1898 in
657 1835 782 1900 Suriam
805 1842 954 1901 reuectus
973 1835 1100 1921 pudore

173 1941 380 2028 ‘proditionis
404 1960 515 2004 omnes
539 1939 688 2005 exsolvit.

254 2048 306 2110 45.
344 2045 438 2110 Idem
469 2065 570 2109 annus
604 2043 696 2127 gravi
733 2043 808 2127 igne
841 2043 955 2108 urbem
990 2042 1100 2108 adficit

189 2151 303 2215 deusta
325 2156 417 2234 parte
440 2148 526 2228 circi,
549 2169 632 2232 quae
648 2147 813 2211 Aventino
838 2147 990 2230 contigua
1012 2148 1101 2232 ipso-

123 2294 125 2300 ·
188 2276 250 2340 que
281 2254 462 2334 Aventin03
496 2251 583 2336 quod
616 2251 769 2315 damnum
798 2249 919 2340 ¹Caesar
954 2249 996 2314 ad
1028 2251 1100 2336 glo·

187 2359 267 2420 riam
290 2357 386 2422 vertit
408 2355 522 2419 solutis
547 2354 703 2419 domuum
729 2360 761 2418 et
783 2353 961 2418 insularum
976 2356 1099 2438 pretiis.

167 2459 315 2524 emiliens
351 2460 535 2524 sestertium
567 2461 600 2523 in
632 2459 850 2524 munificentia
886 2459 1099 2542 conlocatum,

188 2569 279 2628 tauto
303 2563 466 2648 acceptius
488 2563 523 2626 iu
545 2563 696 2647 vulgum,
724 2569 843 2646 quanto
867 2563 1013 2627 modicus
1036 2564 1101 2647 pri·

187 2668 270 2733 vatis
293 2668 570 2734 aedificationibus
592 2688 634 2731 ne
657 2667 786 2752 publice
802 2666 932 2750 quidem
952 2667 1014 2732 nisi
1033 2667 1098 2731 duo

189 2795 288 2858 opera
303 2774 430 2856 struxit,
449 2774 607 2857 templum
622 2771 772 2856 Augusto
789 2779 822 2834 et
837 2792 987 2836 scaenam
1001 2771 1100 2835 Pom-

188 2878 296 2962 peiaui
318 2877 450 2959 theatri,
483 2897 586 2960 eaque
608 2876 763 2961 perfecta,
788 2882 975 2961 contemptu
998 2877 1100 2941 ambi·

155 3001 178 3040 10
188 2981 285 3047 tionis
314 3003 354 3046 an
385 3001 444 3066 per
467 2985 684 3060 senectutem,
715 2978 803 3044 haud
827 2979 999 3044 dedicavit.
1041 2979 1100 3044 sed

188 3086 389 3151 aestimando
422 3084 616 3150 detrimento
643 3089 795 3167 quattuor
817 3083 992 3169 progeneri
1016 3083 1099 3147 an-

188 3192 283 3271 saris,
309 3191 367 3256 On.
390 3189 563 3271 Domitius,
588 3188 717 3252 (lessius
740 3189 918 3273 Longinus,
941 3190 985 3254 Μ.
1008 3188 1099 3252 Vini·

190 3297 267 3378 cius,
281 3295 451 3361 Rubellius
460 3292 605 3359 Blandus
617 3293 734 3358 delecti
746 3292 940 3377 additusque
952 3293 1098 3358 nomina·

188 3400 276 3464 tione
309 3400 476 3464 consulum
507 3399 545 3463 P.
575 3397 758 3462 Petronius.
811 3402 844 3470 et
876 3417 935 3481 pro
967 3397 1098 3480 ingenio

154 3501 344 3583 molliusque
359 3501 495 3585 quaesiti
509 3500 694 3584 decretique
708 3500 741 3562 in
755 3499 931 3585 principem
942 3502 1099 3583 honores,
