2498 4010
300 307 337 346 Aa
351 301 477 346 excussu
490 305 556 345 nrvr
568 301 697 346 nocuum
710 305 721 344 1
734 303 818 346 ao-cc.
972 295 1010 352 27

92 473 128 529 ct
150 464 244 549 siqua
272 464 335 528 alia
360 465 402 528 e'x
433 463 628 528 necessitate
651 468 706 526 aut
729 463 883 528 adversus
907 462 1008 526 otium

93 574 275 634 castrorum
299 573 505 652 quaeruntur.
543 567 761 632 atrocissimus
781 572 1043 644 veteranorumm

94 672 220 735 elamor
242 671 413 754 oriebatur,
436 671 491 756 qui
514 671 636 735 tricena
657 676 712 736 aut
730 668 826 754 supra
848 669 1009 754 stipendia

93 783 303 839 numerantes
325 776 511 840 mederetur
533 776 636 858 fessis,
658 796 723 840 neu
745 781 882 840 mortem
905 776 937 838 in
963 775 1006 838 is-

94 877 173 943 dem
195 877 375 960 laboribus,
399 878 457 943 sed
479 880 577 944 finem
599 887 665 944 tam
688 880 850 944 exercitae
874 878 1006 943 militiae

90 1003 203 1066 neque
226 983 358 1067 inopem
380 982 526 1067 requiem
549 983 693 1048 orabant.
730 984 820 1048 fuere
839 983 937 1048 etiam
952 984 1008 1067 qui

94 1087 238 1170 legatam
268 1107 287 1149 a
314 1086 388 1152 divo
405 1086 560 1170 *Augusto
591 1087 761 1170 pecuniam
789 1087 1007 1172 reposcerent,
1017 1119 1042 1160 15

91 1190 210 1254 faustis
231 1191 264 1253 in
285 1189 511 1255 Germanicum
534 1191 709 1273 ominibus;
734 1197 776 1274 et,
792 1192 820 1256 si
834 1192 933 1256 vellet
948 1192 1007 1254 im·

94 1295 234 1380 perium,
256 1295 412 1380 populum
427 1296 611 1362 Romanum
633 1317 666 1360 se
687 1294 901 1362 ostentavere.
938 1293 1006 1359 tum

94 1421 188 1479 vero,
212 1402 302 1484 quasi
326 1400 448 1466 scelere
468 1401 747 1483 contaminaretur,
771 1421 926 1485 praeceps
951 1399 1007 1462 tri·

93 1503 209 1568 bunali
231 1502 372 1568 desiluit.
412 1511 633 1587 opposuerunt
652 1504 784 1569 abeunti
806 1524 897 1568 arma
914 1503 1007 1566 mini-

91 1615 217 1691 tamtes,¹
238 1609 271 1671 ni
293 1609 533 1694 regrederetur;
557 1613 590 1672 at
614 1609 668 1672 ille
691 1608 881 1674 moriturum
900 1607 1046 1691 potiusne

92 1733 196 1796 quam
210 1711 307 1777 fidem
319 1719 455 1778 exueret
466 1713 631 1779 clamitans
647 1712 768 1777 ferrum
783 1733 802 1776 a
816 1713 916 1776 latere
932 1710 1007 1774 diri-

93 1818 170 1901 puit
179 1817 362 1901 elatumque
373 1817 540 1881 deferebat
549 1817 582 1879 in
592 1815 905 1901 pectus,niproximi
915 1835 1010 1898 pren-

93 1944 169 1986 sam
189 1920 338 1987 dextram
353 1923 386 1986 ri
406 1906 621 1987 obtinuissent.
660 1927 807 1985 extrema
822 1926 856 1984 et
875 1919 1008 2002 conglo-

97 2029 176 2092 bata
189 2049 264 2112 pars
280 2027 438 2092 contionis
453 2047 490 2090 ac
507 2025 576 2108 (vix
592 2025 745 2091 credibile
761 2022 863 2105 dictu)
880 2021 1009 2106 quidam

95 2131 236 2215 singuli·
254 2131 386 2216 propius
420 2131 622 2196 incedentes
639 2129 748 2194 feriret
785 2127 1009 2210 hortabantur,
1020 2156 1046 2194 rs

97 2243 133 2300 et
157 2234 402 2299 miles‘nomine
425 2233 608 2299 Calusidius
633 2234 779 2298 strictum
802 2232 919 2296 obtulit
941 2231 1009 2315 gla-

97 2338 200 2420 dium,
224 2337 334 2402 addito
356 2339 533 2403 acutiorem
548 2359 630 2403 esse.
669 2339 802 2402 saevum
821 2336 857 2399 id
872 2337 1010 2420 malique

94 2442 200 2507 moris
232 2442 330 2506 etiam
357 2443 535 2508 furentibus
558 2443 661 2509 visum
693 2443 916 2526 ac'spatium,
947 2462 1010 2526 quo

95 2547 223 2612 Caesar
245 2546 285 2610 ab
308 2547 419 2611 amicis
441 2548 474 2610 in
496 2547 738 2612 tabernaculum
759 2553 936 2631 raperetur.

167 2650 221 2716 36„
252 2648 477 2716 Consultatum
492 2651 536 2715 ibi
552 2650 592 2716 de
609 2649 771 2731 remedio;
794 2651 914 2714 etenim
930 2671 1010 2714 nun·

96 2753 240 2822 tiabatur
260 2753 513 2838 parari'legatos
536 2754 590 2838 qui
613 2754 814 2838 superiorem
833 2755 1012 2818 exercitum

96 2856 143 2922 ad
160 2878 288 2922 causam
303 2855 440 2921 eandem
459 2859 641 2926 traherent:
656 2857 864 2924 destinatum
884 2856 1011 2921 excidio

101 2960 261 3025 Lbiorum
289 2959 445 3044 oppidum
474 2960 677 3044 imbutasque
700 2961 822 3046 praeda
839 2982 957 3025 manus
979 2962 1013 3025 in

98 3064 318 3148 direptionem
331 3062 508 3130 Galliarum
522 3070 702 3149 erupturas.
736 3066 876 3150 augebat
890 3073 1035 3135 metums

99 3190 220 3252 gnarus
235 3167 403 3233 Romanae
420 3168 588 3234 seditionis
606 3175 648 3252 et,
672 3170 700 3234 si
716 3171 919 3235 omitteretur
933 3173 1012 3253 ripa,

103 3272 270 3336 invasurus
294 3271 413 3342 hostis:
436 3278 479 3355 at,
503 3273 530 3337 si
552 3272 673 3339 auxilia
696 3279 729 3337 et
745 3273 824 3337 socii
842 3271 1014 3336 adversum

104 3375 307 3440 abscedentis
339 3374 485 3460 legiones
513 3383 731 3458 armarentur,
766 3376 859 3442 civile
894 3377 1015 3442 bellum

104 3480 232 3563 suscipi,
278 3481 460 3564 periculosa
482 3481 653 3561 severitas,
683 3481 843 3564 flagitiosa
868 3481 1015 3564 largitio:

820 3587 835 3635 2
843 3583 860 3617 Ἰ
