2444 4010
319 298 356 338 aa
369 297 495 338 excussu
505 297 573 337 -nrvr
587 296 714 338 suonam
727 296 762 336 111
775 295 859 335 aa-cs.
986 287 1044 346 153

198 459 249 521 67.
289 455 423 522 Auxere
459 477 629 522 numerum
663 460 885 522 accusatorum
918 453 1043 520 Gellius

133 561 299 625 Publicola
328 568 361 626 et
390 561 435 626 M.
458 561 635 643 Paconius,
666 559 722 624 ille
753 565 905 644 quaestor
932 557 1042 639 Silani,
1130 639 1132 644 Ι

132 665 183 729 hic
204 667 342 749 legatus.
377 686 438 732 neo
454 664 586 729 dubium
601 665 781 730 habebatur
797 663 951 754 saevitiae
967 683 1042 747 cap·

130 777 300 856 farumque
333 770 543 856 pecuniarum
571 770 676 834 teneri
706 790 815 834 reum:
852 766 910 832 sed
942 767 1042 830 multa

131 874 369 957 adgerebantur
399 875 496 940 etiam
525 874 705 939 insontibus
736 873 936 958 periculosa,
969 892 1064 935 cuma

131 998 228 1062 super
248 984 297 1042 tot
318 985 486 1043 senatores
509 977 664 1044 adversos
686 975 921 1042 facundissimis
943 975 1042 1038 totius

129 1079 228 1145 Asiae
253 1102 357 1165 eoque
381 1081 422 1146 ad
440 1081 657 1146 accusandum
676 1079 809 1145 delectis
828 1079 1044 1165 responderet

131 1186 220 1249 solus
250 1191 282 1250 et
312 1185 425 1251 orandi
453 1187 596 1268 nescius,
627 1185 759 1270 proprio
790 1185 824 1250 in
852 1192 958 1268 metu,
989 1183 1043 1269 qui

130 1290 308 1354 exercitam
326 1311 454 1375 quoque
470 1291 689 1375 eloquentiam
703 1289 860 1372 debilitat,
878 1311 944 1355 non
960 1295 1042 1353 tcm-

129 1400 266 1479 perante
289 1394 419 1459 Tiberio
450 1394 526 1479 quin
556 1400 719 1478 premeret
751 1415 831 1459 voce
860 1395 971 1476 vultu,
1002 1415 1079 1459 acro

130 1498 219 1583 quod
236 1498 307 1582 ipse
324 1499 519 1564 creberrime
536 1499 757 1581 interrogabat
772 1521 878 1583 neque
893 1500 1043 1565 refellere

128 1609 187 1667 aut
210 1602 343 1667 eludere
367 1603 504 1668 dabatur
527 1623 564 1667 ac
588 1624 687 1689 saepe
710 1606 807 1669 etiam
824 1603 1043 1668 confitendum

129 1714 217 1789 erat,
240 1728 281 1772 ne
305 1709 422 1771 frustra
445 1708 666 1793 quaesivisset.
708 1727 819 1773 servos
843 1728 970 1793 quoque
993 1706 1042 1771 Si-

130 1813 215 1895 lani,
245 1819 281 1876 ut
303 1813 472 1877 tormentis
498 1815 791 1895 interrogarentur,
824 1818 915 1876 actor
936 1810 1041 1895 publi·

129 1937 187 1980 cus
203 1919 363 2001 mancipio
384 1923 563 2002 acceperat.
597 1924 630 1981 et
651 1915 765 2001 nequis
787 1915 1079 1980 necessariorumrs

129 2020 257 2086 iuvaret
285 2022 540 2106 periclitantem,
571 2022 747 2086 maiestatis
771 2021 903 2086 crimina
926 2019 1043 2084 subde·

128 2124 258 2206 bantur,
280 2125 421 2189 rinclum
446 2133 479 2190 et
501 2127 678 2191 necessitas
700 2125 827 2190 silendi.
864 2125 963 2210 igitur
985 2145 1042 2209 pe-

130 2227 191 2292 tito
215 2249 393 2312 paucorum
417 2228 541 2294 dierum
562 2230 733 2295 interiectu
753 2230 974 2296 defensionem
993 2230 1043 2293 sui

131 2329 292 2414 deseruit,
323 2333 409 2396 ausis
441 2333 483 2396 ad
516 2333 689 2398 Caesarem
723 2334 895 2418 codicillis,
930 2334 1044 2420 quibus

129 2429 287 2500 invidiam
310 2443 343 2500 et
363 2457 477 2521 preces
499 2438 685 2503 miscuerat.
1054 2465 1079 2506 ao

197 2540 250 2602 68.
286 2538 434 2604 Tiberius
466 2560 547 2624 quae
579 2540 612 2605 in
644 2542 787 2607 Silanum
816 2543 951 2628 parabat
979 2564 1043 2628 quo

131 2642 314 2707 excusatius
351 2644 410 2708 sub
446 2647 598 2730 exemplo
632 2648 870 2732 acciperentur,
916 2648 1044 2712 libellos

132 2745 199 2810 diri
221 2745 364 2830 Augusti
390 2747 431 2812 de
455 2748 578 2814 Voleso
602 2750 753 2816 Messalla
775 2750 921 2818 eiusdem
943 2750 1044 2816 Asiae

130 2872 190 2936 pro
220 2852 353 2916 consule
382 2852 566 2938 factumque
596 2855 629 2919 in
652 2877 726 2919 eum
756 2861 884 2921 senatus
916 2857 1044 2921 consul-

130 2962 200 3021 tum
223 2957 351 3020 recitari
373 2956 472 3022 iubat.
519 2966 588 3022 tum
610 2960 647 3022 L.
669 2960 821 3026 Pisonem
851 2962 1066 3026 sententiams

130 3065 236 3142 rogat.
276 3059 333 3124 ills
354 3061 492 3124 multum
516 3061 558 3126 de
581 3063 754 3128 clementia
773 3065 927 3149 principis
949 3084 1043 3149 prae-

130 3165 216 3229 fatus
239 3185 322 3250 aqua
345 3173 441 3249 atque
464 3166 531 3250 igni
555 3166 664 3231 Silano
687 3169 944 3235 interdicendum
969 3190 1043 3234 cen-

132 3270 196 3335 suit
223 3270 393 3354 ipsumque
422 3271 456 3334 iu
487 3271 625 3336 insulam
650 3272 795 3357 Gyarum
823 3274 1043 3358 relegandum
1165 3344 1167 3350 ,

134 3373 249 3439 eadem
285 3375 402 3459 ceteri,
443 3375 504 3439 nisi
544 3377 630 3461 quod
663 3377 722 3442 On.
753 3377 911 3443 Lentulus
950 3399 1043 3463 sepa-

132 3479 234 3543 randa
265 3479 363 3543 Silani
401 3487 546 3545 materna
585 3481 687 3562 bona,
726 3483 844 3567 quippe
879 3483 956 3548 Atia
986 3501 1080 3569 pa-1o

831 3584 889 3638 9²ll==ll=
