2498 4010
293 353 331 393 AB
343 351 469 393 Excusso
483 351 547 391 DIVI
560 349 688 391 AUGUSTI
700 350 724 390 11
737 351 821 392 1‘1—21.
976 343 1014 400 69

107 507 266 574 incursant
276 509 414 574 turbant.
438 514 600 594 postremo
614 507 760 591 deligunt
769 508 876 573 locum
885 507 1016 572 flumine

108 618 139 678 et
165 613 252 678 silvis
283 614 442 698 clausum,
472 621 541 678 arta
570 615 655 677 intus
678 613 810 699 planitie
834 618 867 676 et
889 610 1016 675 umida:

107 719 200 785 silvas
223 740 351 804 quoque
374 718 533 805 profunda
555 720 647 804 palus
671 717 822 799 ambibat,
845 716 907 780 nisi
930 715 1017 799 quod

106 823 187 888 latus
201 845 301 888 unum
316 822 503 906 Angrivarii
519 823 584 887 alto
601 842 720 906 aggere
737 822 929 901 extulerant,
953 839 1018 902 quo

106 949 123 992 a
139 927 309 993 Cheruscis
325 927 562 992 dirimerentur.
592 926 644 990 hic
657 924 760 1011 pedes
775 923 911 989 adstitit:
928 923 1018 1008 equi·
1028 945 1054 986 ro

105 1035 168 1096 tem
192 1031 381 1118 propinquis
403 1032 484 1096 lucis
506 1036 631 1114 texere,
652 1036 689 1095 ut
710 1031 865 1115 ingressis
880 1029 1017 1113 legioni-

107 1135 207 1200 busa
230 1140 323 1220 tergo
347 1135 440 1201 foret.
1008 1215 1011 1222 ¹

168 1239 221 1302 20.
243 1239 333 1304 Nihil
356 1261 399 1305 ex
421 1239 471 1304 his
492 1240 622 1305 Caesari
644 1239 860 1323 incognitum:
885 1239 1021 1304 consilia

104 1344 202 1427 locos,
225 1352 375 1431 prompta
398 1346 524 1411 occulta
545 1351 681 1411 noverat
703 1350 855 1430 astusque
877 1345 1020 1409 hostium

104 1447 135 1512 in
157 1448 335 1533 perniciem
355 1449 432 1533 ipsis
447 1451 604 1515 vertebat.
639 1449 714 1514 Seio
731 1448 894 1515 Tuberoni
908 1451 1019 1534 legato

97 1552 201 1616 tradit
231 1553 372 1638 equitem
403 1575 634 1639 campumquc;
666 1553 812 1638 peditum
842 1555 945 1619 aciem
975 1556 1020 1618 ita

104 1655 270 1739 instruxit,
302 1662 340 1721 ut
369 1679 443 1743 pars
475 1679 579 1742 aequo
611 1658 700 1722 aditu
731 1657 914 1740 incederet,
946 1679 1041 1741 parer

106 1759 267 1824 obiectum
290 1781 444 1844 aggerem
468 1762 662 1844 eniteretur3
686 1762 773 1846 quod
796 1761 931 1826 arduum
948 1762 1020 1843 sibi,

106 1868 212 1930 cetera
238 1865 353 1948 legatis
376 1867 531 1952 permisit.
577 1867 692 1952 quibus
715 1868 811 1952 plana
834 1872 1020 1950 evenerant,

104 1968 196 2033 facile
228 1969 396 2055 inrupere:
429 1972 499 2057 quis
528 1972 754 2057 inpugnandus
782 1992 898 2056 agger,
927 1978 964 2036 ut
993 1972 1020 2036 si

105 2093 231 2136 murum
248 2074 470 2158 succederent,
488 2076 640 2160 gravibus
655 2097 795 2162 superne
810 2076 926 2141 ictibus
944 2098 1019 2142 con·

104 2175 314 2241 dictabantur.
339 2180 440 2243 sensit
453 2178 519 2244 dux
530 2180 676 2265 inparem
691 2183 868 2246 comminus
878 2203 1019 2266 pugnam
1030 2211 1056 2251 ro

104 2280 301 2366 remotisque
315 2282 446 2367 paulum
459 2282 640 2366 legionibus
652 2284 831 2350 funditores
841 2286 1019 2351 libritores-

104 2404 165 2467 que
182 2390 336 2450 excutere
352 2387 419 2451 tela
430 2392 463 2452 et
475 2389 666 2474 proturbare
679 2389 808 2454 hostem
819 2391 918 2455 iubet.
945 2391 1020 2455 mis-

105 2507 157 2552 sae
182 2508 201 2552 e
221 2490 391 2554 tormentis
407 2492 519 2556 hastae
535 2498 719 2579 quantoque
737 2495 902 2579 conspicui
915 2497 1020 2580 magis

104 2597 378 2677 propugnatores,
402 2599 491 2659 tanto
515 2596 660 2681 pluribus
682 2597 869 2663 vulneribus
892 2597 1019 2665 deiecti.

104 2694 226 2778 primus
256 2694 376 2760 Cacsar
407 2718 481 2762 cum·
508 2700 678 2784 praetoriis
708 2702 894 2766 cohortibus
924 2711 1055 2788 captore

104 2799 189 2864 vallo
208 2799 297 2864 dedit
313 2801 483 2886 impetum:
509 2805 635 2868 conlato
651 2804 717 2870 illic
733 2805 836 2889 gradu
851 2812 1018 2872 certatum.

104 2902 232 2968 hostem
247 2927 266 2970 a
281 2910 374 2988 tergo
391 2907 492 2991 palus,
508 2908 675 2973 Romanos
690 2910 810 2974 flumen
824 2916 879 2974 aut
893 2917 1019 2976 montes

106 3006 314 3075 claudebant:
343 3011 486 3096 utrisque
516 3013 690 3076 necessitas
720 3035 738 3077 a
766 3014 857 3096 lucc,
888 3035 962 3099 spes
986 3015 1019 3079 in

105 3110 235 3196 virtute,
257 3114 344 3177 salus
368 3136 410 3179 ex
432 3116 577 3181 victoria.
987 3203 988 3206 Ἴ

169 3217 220 3281 21.
243 3216 314 3282 Neo
336 3218 441 3283 minor
458 3218 630 3284 Germanis
653 3221 788 3303 animus,
816 3221 873 3284 sed
896 3240 1018 3303 genere
1083 3306 1087 3316 Ι

106 3339 233 3405 pugnae
264 3328 297 3387 ct
327 3344 490 3388 armorum
520 3325 770 3410 superabantur,
802 3346 874 3389 cum
904 3327 1020 3411 ingens

107 3424 276 3490 multitudo
299 3428 492 3513 praelongas
506 3428 614 3493 hastas
629 3450 694 3494 non
710 3429 929 3515 protenderet,
952 3451 1018 3494 non

108 3527 272 3613 colligeret
294 3553 399 3618 neque
416 3531 594 3597 adsultibus
611 3539 644 3597 et
658 3533 831 3599 velocitate
847 3554 1018 3619 corporum
