2444 4010
233 315 270 372 96
562 321 811 362 coeunnnnamrr

219 475 331 546 'tionis
346 502 471 565 arcena,
487 481 595 546 vetitis
605 481 668 546 nisi
679 481 838 566 permissu
851 481 979 566 ingredi
989 479 1128 546 senatori-

233 585 292 649 bus
323 591 378 651 aut
401 584 562 670 equitibus
584 585 743 651 Romanis
766 586 971 669 inlustribus,
1001 583 1131 670 seposuit

197 707 222 747 1⁶
232 689 432 776 Aegyptum,
448 712 488 756 ne
505 691 590 756 fame
606 695 740 774 urgeret
754 691 892 774 Italiam,
915 690 1056 775 quisquis
1071 707 1131 751 eam

231 796 432 881 provinciam
442 794 644 880 claustraque
655 800 761 860 terrae
774 817 812 859 ac
821 795 919 860 maris
930 791 1132 878 quamvisleri

230 899 393 983 praesidio
415 897 587 964 adversum
609 899 759 984 ingentes
779 900 943 964 exereitus
959 896 1131 964 insedisset.

297 1003 348 1066 60.
383 1002 449 1068 Sed
474 1002 685 1070 Germanicus
711 1003 857 1069 nondum
880 1011 1048 1088 comperto
1068 1021 1133 1086 pro·

230 1107 406 1184 sectionem
430 1129 502 1172 eam
524 1108 663 1174 incusari
685 1108 763 1174 Nilo
787 1108 1029 1174 subvehebetur
1052 1127 1133 1173 orsus

232 1210 352 1297 oppido
376 1233 396 1276 a
420 1212 563 1298 Canopo.
603 1212 779 1280 condidere
796 1213 947 1299 Spartani
970 1215 1011 1278 ob
1035 1211 1133 1298 sepul·

231 1322 299 1382 tum
314 1317 380 1382 illic
395 1323 556 1384 rectorem
570 1319 662 1383 navis
679 1317 857 1403 Canopum,
874 1338 938 1403 qua
951 1322 1134 1404 tempestate

210 1419 400 1486 sMenelaue
425 1421 596 1488 Graeciam
625 1429 779 1507 repetens
806 1423 971 1488 diversum
994 1423 1035 1488 ad
1058 1441 1137 1486 maro
1204 1452 1207 1477 =

230 1529 414 1609 terramque
429 1524 568 1608 Libyam
578 1524 734 1592 deiectus.
759 1525 835 1590 inde
845 1527 1031 1610 proximum
1044 1526 1137 1590 amnis
1204 1552 1207 1561 ·

230 1649 266 1691 os
291 1629 430 1692 dicatum
452 1629 598 1712 Herculi,
623 1651 719 1714 quem
742 1630 919 1716 indigenae
943 1637 1052 1698 ortum
1067 1635 1135 1716 aput

229 1753 265 1796 se
290 1740 322 1798 et
346 1733 603 1818 antiquissimum
625 1735 799 1819 perhibent
823 1757 944 1820 eosque
961 1737 1017 1820 qui
1032 1741 1137 1821 postea
1208 1775 1209 1792 r

228 1839 298 1924 pari
327 1841 448 1904 virtute
471 1839 591 1904 fuerint
613 1841 647 1904 in
671 1844 925 1924 cognomentum
950 1839 1021 1909 eius
1045 1838 1138 1906 adsci-

197 1951 297 2026 10tos3
319 1965 397 2008 mox
412 1944 488 2009 visit
502 1949 650 2010 veterum
666 1943 850 2008 Thebarum
865 1964 983 2028 magna
997 1943 1137 2028 vestigia.
1206 1965 1207 2016 5

230 2056 262 2114 et
285 2049 459 2114 manebant
482 2050 611 2114 structis
633 2048 774 2113 molibus
796 2049 924 2115 litterae
947 2046 1137 2134 Aegyptiae,

228 2153 370 2239 priorem
394 2153 593 2238 opulentiam
616 2153 825 2237 complexae3
856 2153 1028 2237 iussusque
1053 2173 1071 2218 e
1093 2172 1138 2216 se·

227 2256 373 2321 nioribus
396 2256 603 2321 sacerdotum
624 2257 766 2340 patrium
785 2276 968 2322 sermonem
984 2257 1137 2342 interpre-

227 2363 288 2426 tari
303 2361 465 2427 referebat
480 2361 642 2426 habitasse
658 2361 823 2446 quondam
834 2362 1044 2448 septingenta
1055 2362 1137 2426 milia

193 2483 219 2522 1⁵
229 2471 336 2532 aetate
374 2464 504 2531 militari
541 2472 638 2550 atque
670 2485 710 2530 eo
745 2486 818 2530 cum
851 2469 999 2532 exercitu
1031 2487 1137 2552 regem

227 2571 394 2636 Rhamsen
415 2569 519 2654 Libya
540 2568 719 2654 Aethiopia
733 2569 905 2654 Medisque
928 2576 961 2636 et
976 2570 1088 2638 Persis
1108 2579 1137 2636 et

227 2676 400 2742 Bactriano
424 2698 462 2741 ao
477 2674 597 2760 Scytha
619 2675 760 2759 potitum
783 2695 926 2760 quasque
950 2680 1054 2740 terras
1070 2674 1136 2741 Suri

227 2779 439 2865 Armeniique
462 2786 495 2844 et
518 2779 663 2864 contigui
686 2778 898 2864 Cappadoces
922 2779 1043 2863 colunt,
1067 2779 1137 2844 inde

226 2883 415 2969 Bithynum,
431 2884 505 2948 hinc
519 2883 657 2968 Lycium
672 2883 714 2948 ad
729 2905 818 2948 mare
834 2884 971 2969 imperio
987 2885 1137 2950 tenuisse.

191 2989 419 3074 colegebantur
451 2993 484 3052 et
512 2987 634 3053 indicta
663 2987 814 3071 gentibus
843 2987 981 3071 tributa,
1013 2988 1137 3073 pondus

226 3092 353 3178 argenti
382 3099 414 3156 et
436 3092 522 3174 auri,
551 3110 704 3156 numerus
729 3111 895 3156 armorum
918 3111 1136 3176 equorumque

227 3203 260 3262 et
279 3197 365 3263 dona
380 3196 509 3282 templis
526 3196 606 3260 ebur
621 3200 717 3278 atque
735 3194 853 3260 odores
869 3215 1014 3279 quasque
1031 3196 1137 3280 copias

226 3300 379 3366 frumenti
418 3305 451 3363 et
481 3300 623 3365 omnium
652 3299 838 3366 utensilium
871 3320 1019 3384 quaeque
1051 3301 1136 3366 natio

227 3403 402 3487 penderet,
433 3402 521 3468 haud
549 3403 655 3468 minus
682 3403 853 3488 magnifica
881 3424 977 3488 quam
999 3425 1085 3468 nuno
1107 3404 1136 3467 vi

193 3532 219 3571 ar
227 3508 421 3573 Parthorum
444 3513 499 3572 aut
521 3508 668 3592 potentia
688 3506 837 3574 Romana
860 3508 1020 3574 iubentur.
1078 3547 1080 3554 ·
