<?xml version="1.0" encoding="UTF-8"?>
<!DOCTYPE html PUBLIC "-//W3C//DTD XHTML 1.0 Transitional//EN"
    "http://www.w3.org/TR/xhtml1/DTD/xhtml1-transitional.dtd">
<html xmlns="http://www.w3.org/1999/xhtml" xml:lang="en" lang="en">
 <head>
  <title>
</title>
<meta http-equiv="Content-Type" content="text/html;charset=utf-8" />
  <meta name='ocr-system' content='tesseract 3.04.00' />
  <meta name='ocr-capabilities' content='ocr_page ocr_carea ocr_par ocr_line ocrx_word'/>
</head>
<body>
  <div class='ocr_page' id='page_1' title='image "./annalen01tacigoog_0239.png"; bbox 0 0 2482 4014; ppageno 0'>
   <div class='ocr_carea' id='block_1_1' title="bbox 204 277 778 334">
    <p class='ocr_par' dir='ltr' id='par_1_1' title="bbox 204 277 778 334">
     <span class='ocr_line' id='line_1_1' title="bbox 204 277 778 334; baseline -0.026 -1"><span class='ocrx_word' id='word_1_1' title='bbox 204 277 261 334; x_wconf 86' lang='grc'>226</span> <span class='ocrx_word' id='word_1_2' title='bbox 529 281 778 321; x_wconf 77' lang='lat' dir='ltr'>ooaunnnrsorrr</span> 
     </span>
    </p>
   </div>
   <div class='ocr_carea' id='block_1_2' title="bbox 165 439 1123 3526">
    <p class='ocr_par' dir='ltr' id='par_1_2' title="bbox 165 439 1123 3526">
     <span class='ocr_line' id='line_1_2' title="bbox 204 439 1118 523; baseline -0.004 -18"><span class='ocrx_word' id='word_1_3' title='bbox 204 441 355 505; x_wconf 83' lang='lat' dir='ltr'>scientiae</span> <span class='ocrx_word' id='word_1_4' title='bbox 378 439 707 523; x_wconf 79' lang='lat' dir='ltr'>caerimoniarumque</span> <span class='ocrx_word' id='word_1_5' title='bbox 723 444 817 502; x_wconf 86' lang='lat' dir='ltr'>vetus</span> <span class='ocrx_word' id='word_1_6' title='bbox 832 439 954 503; x_wconf 89' lang='lat' dir='ltr'>incerto</span> <span class='ocrx_word' id='word_1_7' title='bbox 972 443 1118 520; x_wconf 87' lang='lat' dir='ltr'>auctore,</span> 
     </span>
     <span class='ocr_line' id='line_1_3' title="bbox 204 540 1118 628; baseline -0.005 -20"><span class='ocrx_word' id='word_1_8' title='bbox 204 552 278 609; x_wconf 88' lang='lat' dir='ltr'>ante</span> <span class='ocrx_word' id='word_1_9' title='bbox 302 544 494 609; x_wconf 82' lang='lat' dir='ltr'>sententiam</span> <span class='ocrx_word' id='word_1_10' title='bbox 517 543 664 628; x_wconf 88' lang='lat' dir='ltr'>collegii,</span> <span class='ocrx_word' id='word_1_11' title='bbox 693 563 775 624; x_wconf 93' lang='lat' dir='ltr'>non,</span> <span class='ocrx_word' id='word_1_12' title='bbox 799 547 835 605; x_wconf 92' lang='lat' dir='ltr'>ut</span> <span class='ocrx_word' id='word_1_13' title='bbox 857 541 998 623; x_wconf 88' lang='lat' dir='ltr'>adsolet,</span> <span class='ocrx_word' id='word_1_14' title='bbox 1029 540 1118 604; x_wconf 89' lang='lat' dir='ltr'>lecto</span> 
     </span>
     <span class='ocr_line' id='line_1_4' title="bbox 168 644 1118 732; baseline -0.001 -24"><span class='ocrx_word' id='word_1_15' title='bbox 168 669 193 708; x_wconf 88' lang='lat' dir='ltr'>lo</span> <span class='ocrx_word' id='word_1_16' title='bbox 203 669 261 732; x_wconf 92' lang='lat' dir='ltr'>per</span> <span class='ocrx_word' id='word_1_17' title='bbox 284 649 474 731; x_wconf 88' lang='lat' dir='ltr'>magistrum</span> <span class='ocrx_word' id='word_1_18' title='bbox 501 648 734 731; x_wconf 81' lang='lat' dir='ltr'>aestimatoque</span> <span class='ocrx_word' id='word_1_19' title='bbox 766 647 926 728; x_wconf 82' lang='lat' dir='ltr'>carmine,</span> <span class='ocrx_word' id='word_1_20' title='bbox 956 644 1044 729; x_wconf 91' lang='lat' dir='ltr'>apud</span> <span class='ocrx_word' id='word_1_21' title='bbox 1068 645 1118 708; x_wconf 90' lang='lat' dir='ltr'>in-</span> 
     </span>
     <span class='ocr_line' id='line_1_5' title="bbox 201 750 1121 835; baseline -0.002 -21"><span class='ocrx_word' id='word_1_22' title='bbox 201 750 404 835; x_wconf 90' lang='lat' dir='ltr'>frequentem</span> <span class='ocrx_word' id='word_1_23' title='bbox 421 757 567 815; x_wconf 90' lang='lat' dir='ltr'>senatum</span> <span class='ocrx_word' id='word_1_24' title='bbox 585 751 714 834; x_wconf 85' lang='lat' dir='ltr'>egisset.</span> <span class='ocrx_word' id='word_1_25' title='bbox 748 751 842 815; x_wconf 89' lang='lat' dir='ltr'>simul</span> <span class='ocrx_word' id='word_1_26' title='bbox 859 750 1121 826; x_wconf 88' lang='lat' dir='ltr'>commonefecit,</span> 
     </span>
     <span class='ocr_line' id='line_1_6' title="bbox 201 854 1122 939; baseline -0.003 -20"><span class='ocrx_word' id='word_1_27' title='bbox 201 856 277 939; x_wconf 90' lang='lat' dir='ltr'>quia</span> <span class='ocrx_word' id='word_1_28' title='bbox 297 855 398 919; x_wconf 91' lang='lat' dir='ltr'>multa</span> <span class='ocrx_word' id='word_1_29' title='bbox 419 858 503 919; x_wconf 86' lang='lat' dir='ltr'>varia</span> <span class='ocrx_word' id='word_1_30' title='bbox 525 855 584 919; x_wconf 92' lang='lat' dir='ltr'>sub</span> <span class='ocrx_word' id='word_1_31' title='bbox 607 856 737 919; x_wconf 92' lang='lat' dir='ltr'>nomine</span> <span class='ocrx_word' id='word_1_32' title='bbox 756 855 877 919; x_wconf 88' lang='lat' dir='ltr'>celebri</span> <span class='ocrx_word' id='word_1_33' title='bbox 890 854 1122 936; x_wconf 87' lang='lat' dir='ltr'>vulgabantur,</span> 
     </span>
     <span class='ocr_line' id='line_1_7' title="bbox 202 958 1121 1044; baseline 0 -20"><span class='ocrx_word' id='word_1_34' title='bbox 202 960 348 1025; x_wconf 84' lang='lat' dir='ltr'>sanxisse</span> <span class='ocrx_word' id='word_1_35' title='bbox 370 959 572 1044; x_wconf 86' lang='lat' dir='ltr'>Augustum,</span> <span class='ocrx_word' id='word_1_36' title='bbox 603 981 700 1043; x_wconf 92' lang='lat' dir='ltr'>quem</span> <span class='ocrx_word' id='word_1_37' title='bbox 728 961 812 1023; x_wconf 91' lang='lat' dir='ltr'>intra</span> <span class='ocrx_word' id='word_1_38' title='bbox 842 961 926 1024; x_wconf 93' lang='lat' dir='ltr'>diem</span> <span class='ocrx_word' id='word_1_39' title='bbox 957 958 999 1024; x_wconf 87' lang='lat' dir='ltr'>ad</span> <span class='ocrx_word' id='word_1_40' title='bbox 1021 980 1121 1043; x_wconf 86' lang='lat' dir='ltr'>prae·</span> 
     </span>
     <span class='ocr_line' id='line_1_8' title="bbox 200 1063 1123 1148; baseline -0.001 -19"><span class='ocrx_word' id='word_1_41' title='bbox 200 1073 304 1130; x_wconf 90' lang='lat' dir='ltr'>torem</span> <span class='ocrx_word' id='word_1_42' title='bbox 327 1066 484 1129; x_wconf 89' lang='lat' dir='ltr'>urbanum</span> <span class='ocrx_word' id='word_1_43' title='bbox 508 1064 708 1129; x_wconf 89' lang='lat' dir='ltr'>deferrentur</span> <span class='ocrx_word' id='word_1_44' title='bbox 724 1085 806 1128; x_wconf 89' lang='lat' dir='ltr'>neve</span> <span class='ocrx_word' id='word_1_45' title='bbox 822 1063 941 1130; x_wconf 87' lang='lat' dir='ltr'>habere</span> <span class='ocrx_word' id='word_1_46' title='bbox 964 1063 1123 1148; x_wconf 90' lang='lat' dir='ltr'>privatim</span> 
     </span>
     <span class='ocr_line' id='line_1_9' title="bbox 167 1167 1123 1252; baseline 0 -19"><span class='ocrx_word' id='word_1_47' title='bbox 167 1170 322 1233; x_wconf 84' lang='lat' dir='ltr'>1⁵liceret.</span> <span class='ocrx_word' id='word_1_48' title='bbox 361 1169 447 1252; x_wconf 89' lang='lat' dir='ltr'>quod</span> <span class='ocrx_word' id='word_1_49' title='bbox 471 1190 490 1232; x_wconf 93' lang='lat' dir='ltr'>a</span> <span class='ocrx_word' id='word_1_50' title='bbox 512 1167 686 1232; x_wconf 89' lang='lat' dir='ltr'>maioribus</span> <span class='ocrx_word' id='word_1_51' title='bbox 707 1189 835 1252; x_wconf 92' lang='lat' dir='ltr'>quoque</span> <span class='ocrx_word' id='word_1_52' title='bbox 857 1167 1022 1232; x_wconf 88' lang='lat' dir='ltr'>decretum</span> <span class='ocrx_word' id='word_1_53' title='bbox 1047 1175 1123 1233; x_wconf 89' lang='lat' dir='ltr'>erat</span> 
     </span>
     <span class='ocr_line' id='line_1_10' title="bbox 201 1271 1118 1358; baseline 0.002 -22"><span class='ocrx_word' id='word_1_54' title='bbox 201 1278 276 1358; x_wconf 90' lang='lat' dir='ltr'>post</span> <span class='ocrx_word' id='word_1_55' title='bbox 310 1277 459 1335; x_wconf 85' lang='lat' dir='ltr'>exustum</span> <span class='ocrx_word' id='word_1_56' title='bbox 490 1271 702 1356; x_wconf 80' lang='lat' dir='ltr'>Capitolium,</span> <span class='ocrx_word' id='word_1_57' title='bbox 740 1272 891 1356; x_wconf 88' lang='lat' dir='ltr'>quaesitis</span> <span class='ocrx_word' id='word_1_58' title='bbox 923 1272 1020 1338; x_wconf 79' lang='lat' dir='ltr'>Samo</span> <span class='ocrx_word' id='word_1_59' title='bbox 1051 1274 1118 1338; x_wconf 90' lang='lat' dir='ltr'>Ilio</span> 
     </span>
     <span class='ocr_line' id='line_1_11' title="bbox 201 1373 1120 1459; baseline 0.002 -19"><span class='ocrx_word' id='word_1_60' title='bbox 201 1375 358 1458; x_wconf 63' lang='lat' dir='ltr'>Erythris</span> <span class='ocrx_word' id='word_1_61' title='bbox 381 1396 439 1459; x_wconf 90' lang='lat' dir='ltr'>per</span> <span class='ocrx_word' id='word_1_62' title='bbox 453 1373 597 1440; x_wconf 86' lang='lat' dir='ltr'>Africam</span> <span class='ocrx_word' id='word_1_63' title='bbox 614 1377 709 1440; x_wconf 90' lang='lat' dir='ltr'>etiam</span> <span class='ocrx_word' id='word_1_64' title='bbox 726 1397 763 1439; x_wconf 88' lang='lat' dir='ltr'>ao</span> <span class='ocrx_word' id='word_1_65' title='bbox 779 1376 921 1440; x_wconf 80' lang='lat' dir='ltr'>Siciliam</span> <span class='ocrx_word' id='word_1_66' title='bbox 937 1384 969 1440; x_wconf 92' lang='lat' dir='ltr'>et</span> <span class='ocrx_word' id='word_1_67' title='bbox 985 1377 1120 1442; x_wconf 88' lang='lat' dir='ltr'>Italicas</span> 
     </span>
     <span class='ocr_line' id='line_1_12' title="bbox 168 1478 1120 1564; baseline 0.002 -20"><span class='ocrx_word' id='word_1_68' title='bbox 168 1487 170 1492; x_wconf 84' lang='lat'>&#39;</span> <span class='ocrx_word' id='word_1_69' title='bbox 202 1479 353 1562; x_wconf 90' lang='lat' dir='ltr'>colonias,</span> <span class='ocrx_word' id='word_1_70' title='bbox 369 1478 562 1543; x_wconf 88' lang='lat' dir='ltr'>carminibus</span> <span class='ocrx_word' id='word_1_71' title='bbox 575 1479 727 1562; x_wconf 82' lang='lat' dir='ltr'>Sibullae,</span> <span class='ocrx_word' id='word_1_72' title='bbox 743 1501 808 1544; x_wconf 90' lang='lat' dir='ltr'>una</span> <span class='ocrx_word' id='word_1_73' title='bbox 823 1501 881 1544; x_wconf 91' lang='lat' dir='ltr'>seu</span> <span class='ocrx_word' id='word_1_74' title='bbox 892 1481 1002 1564; x_wconf 91' lang='lat' dir='ltr'>plures</span> <span class='ocrx_word' id='word_1_75' title='bbox 1013 1481 1120 1564; x_wconf 88' lang='lat' dir='ltr'>fuere,</span> 
     </span>
     <span class='ocr_line' id='line_1_13' title="bbox 202 1582 1120 1669; baseline 0.007 -23"><span class='ocrx_word' id='word_1_76' title='bbox 202 1582 342 1667; x_wconf 92' lang='lat' dir='ltr'>datoque</span> <span class='ocrx_word' id='word_1_77' title='bbox 366 1583 587 1648; x_wconf 88' lang='lat' dir='ltr'>sacerdotibus</span> <span class='ocrx_word' id='word_1_78' title='bbox 609 1584 760 1669; x_wconf 89' lang='lat' dir='ltr'>negotio,</span> <span class='ocrx_word' id='word_1_79' title='bbox 792 1589 946 1669; x_wconf 90' lang='lat' dir='ltr'>quantum</span> <span class='ocrx_word' id='word_1_80' title='bbox 974 1586 1120 1652; x_wconf 87' lang='lat' dir='ltr'>humana</span> 
     </span>
     <span class='ocr_line' id='line_1_14' title="bbox 165 1688 1119 1775; baseline 0.008 -29"><span class='ocrx_word' id='word_1_81' title='bbox 165 1707 263 1773; x_wconf 80' lang='lat' dir='ltr'>scope</span> <span class='ocrx_word' id='word_1_82' title='bbox 285 1688 476 1772; x_wconf 87' lang='lat' dir='ltr'>potuissent,</span> <span class='ocrx_word' id='word_1_83' title='bbox 497 1709 576 1752; x_wconf 90' lang='lat' dir='ltr'>vera</span> <span class='ocrx_word' id='word_1_84' title='bbox 599 1688 791 1754; x_wconf 90' lang='lat' dir='ltr'>discernere.</span> <span class='ocrx_word' id='word_1_85' title='bbox 828 1689 928 1772; x_wconf 93' lang='lat' dir='ltr'>igitur</span> <span class='ocrx_word' id='word_1_86' title='bbox 942 1697 1020 1755; x_wconf 90' lang='lat' dir='ltr'>tuno</span> <span class='ocrx_word' id='word_1_87' title='bbox 1035 1712 1119 1775; x_wconf 90' lang='lat' dir='ltr'>quo·</span> 
     </span>
     <span class='ocr_line' id='line_1_15' title="bbox 201 1792 1062 1878; baseline 0.003 -22"><span class='ocrx_word' id='word_1_88' title='bbox 201 1814 262 1878; x_wconf 91' lang='lat' dir='ltr'>que</span> <span class='ocrx_word' id='word_1_89' title='bbox 284 1792 409 1857; x_wconf 88' lang='lat' dir='ltr'>notioni</span> <span class='ocrx_word' id='word_1_90' title='bbox 433 1792 719 1876; x_wconf 88' lang='lat' dir='ltr'>quindecimvirum</span> <span class='ocrx_word' id='word_1_91' title='bbox 742 1795 769 1857; x_wconf 94' lang='lat' dir='ltr'>is</span> <span class='ocrx_word' id='word_1_92' title='bbox 791 1793 872 1858; x_wconf 92' lang='lat' dir='ltr'>liber</span> <span class='ocrx_word' id='word_1_93' title='bbox 896 1794 1062 1859; x_wconf 91' lang='lat' dir='ltr'>subicitur.</span> 
     </span>
     <span class='ocr_line' id='line_1_16' title="bbox 268 1896 1119 1983; baseline 0.002 -24"><span class='ocrx_word' id='word_1_94' title='bbox 268 1898 317 1960; x_wconf 84' lang='lat'>13.</span> <span class='ocrx_word' id='word_1_95' title='bbox 349 1896 459 1960; x_wconf 90' lang='lat' dir='ltr'>Isdem</span> <span class='ocrx_word' id='word_1_96' title='bbox 481 1897 666 1963; x_wconf 89' lang='lat' dir='ltr'>oonsulibus</span> <span class='ocrx_word' id='word_1_97' title='bbox 686 1899 843 1983; x_wconf 86' lang='lat' dir='ltr'>gravitate</span> <span class='ocrx_word' id='word_1_98' title='bbox 860 1918 1008 1963; x_wconf 89' lang='lat' dir='ltr'>annonae</span> <span class='ocrx_word' id='word_1_99' title='bbox 1023 1898 1119 1962; x_wconf 86' lang='lat' dir='ltr'>iuxta</span> 
     </span>
     <span class='ocr_line' id='line_1_17' title="bbox 201 2001 1118 2087; baseline 0.004 -23"><span class='ocrx_word' id='word_1_100' title='bbox 201 2001 394 2064; x_wconf 87' lang='lat' dir='ltr'>seditionem</span> <span class='ocrx_word' id='word_1_101' title='bbox 422 2006 556 2065; x_wconf 86' lang='lat' dir='ltr'>ventum</span> <span class='ocrx_word' id='word_1_102' title='bbox 582 2002 746 2087; x_wconf 87' lang='lat' dir='ltr'>multaque</span> <span class='ocrx_word' id='word_1_103' title='bbox 775 2008 807 2067; x_wconf 91' lang='lat' dir='ltr'>et</span> <span class='ocrx_word' id='word_1_104' title='bbox 828 2002 938 2087; x_wconf 90' lang='lat' dir='ltr'>plures</span> <span class='ocrx_word' id='word_1_105' title='bbox 962 2023 1021 2087; x_wconf 94' lang='lat' dir='ltr'>per</span> <span class='ocrx_word' id='word_1_106' title='bbox 1043 2002 1118 2068; x_wconf 88' lang='lat' dir='ltr'>dies</span> 
     </span>
     <span class='ocr_line' id='line_1_18' title="bbox 199 2105 1117 2192; baseline 0.007 -25"><span class='ocrx_word' id='word_1_107' title='bbox 199 2105 232 2168; x_wconf 92' lang='lat' dir='ltr'>in</span> <span class='ocrx_word' id='word_1_108' title='bbox 255 2105 381 2169; x_wconf 92' lang='lat' dir='ltr'>theatro</span> <span class='ocrx_word' id='word_1_109' title='bbox 405 2105 554 2169; x_wconf 91' lang='lat' dir='ltr'>licentius</span> <span class='ocrx_word' id='word_1_110' title='bbox 585 2107 758 2191; x_wconf 87' lang='lat' dir='ltr'>efflagitata</span> <span class='ocrx_word' id='word_1_111' title='bbox 784 2129 879 2192; x_wconf 88' lang='lat' dir='ltr'>quam</span> <span class='ocrx_word' id='word_1_112' title='bbox 902 2108 1034 2172; x_wconf 89' lang='lat' dir='ltr'>solitum</span> <span class='ocrx_word' id='word_1_113' title='bbox 1058 2109 1117 2173; x_wconf 90' lang='lat' dir='ltr'>ad-</span> 
     </span>
     <span class='ocr_line' id='line_1_19' title="bbox 199 2209 1117 2295; baseline 0.002 -22"><span class='ocrx_word' id='word_1_114' title='bbox 199 2229 329 2274; x_wconf 86' lang='lat' dir='ltr'>versum</span> <span class='ocrx_word' id='word_1_115' title='bbox 337 2209 577 2295; x_wconf 89' lang='lat' dir='ltr'>imperatorem.</span> <span class='ocrx_word' id='word_1_116' title='bbox 606 2212 676 2295; x_wconf 92' lang='lat' dir='ltr'>quis</span> <span class='ocrx_word' id='word_1_117' title='bbox 690 2216 868 2276; x_wconf 90' lang='lat' dir='ltr'>commotus</span> <span class='ocrx_word' id='word_1_118' title='bbox 880 2212 1038 2276; x_wconf 83' lang='lat' dir='ltr'>incusavit</span> <span class='ocrx_word' id='word_1_119' title='bbox 1047 2233 1117 2275; x_wconf 92' lang='lat' dir='ltr'>ma-</span> 
     </span>
     <span class='ocr_line' id='line_1_20' title="bbox 177 2313 1116 2399; baseline 0.004 -23"><span class='ocrx_word' id='word_1_120' title='bbox 177 2313 351 2397; x_wconf 81' lang='lat' dir='ltr'>¹sgistratus</span> <span class='ocrx_word' id='word_1_121' title='bbox 374 2319 556 2398; x_wconf 87' lang='lat' dir='ltr'>patresque,</span> <span class='ocrx_word' id='word_1_122' title='bbox 580 2313 667 2398; x_wconf 92' lang='lat' dir='ltr'>quod</span> <span class='ocrx_word' id='word_1_123' title='bbox 689 2335 753 2379; x_wconf 91' lang='lat' dir='ltr'>non</span> <span class='ocrx_word' id='word_1_124' title='bbox 776 2314 905 2399; x_wconf 92' lang='lat' dir='ltr'>publica</span> <span class='ocrx_word' id='word_1_125' title='bbox 920 2315 1116 2380; x_wconf 90' lang='lat' dir='ltr'>auctoritate</span> 
     </span>
     <span class='ocr_line' id='line_1_21' title="bbox 200 2418 1115 2504; baseline 0.003 -24"><span class='ocrx_word' id='word_1_126' title='bbox 200 2418 356 2502; x_wconf 91' lang='lat' dir='ltr'>populum</span> <span class='ocrx_word' id='word_1_127' title='bbox 380 2421 606 2500; x_wconf 87' lang='lat' dir='ltr'>coercuissent,</span> <span class='ocrx_word' id='word_1_128' title='bbox 629 2418 816 2502; x_wconf 87' lang='lat' dir='ltr'>addiditque</span> <span class='ocrx_word' id='word_1_129' title='bbox 840 2419 954 2502; x_wconf 92' lang='lat' dir='ltr'>quibus</span> <span class='ocrx_word' id='word_1_130' title='bbox 979 2441 1022 2483; x_wconf 87' lang='lat' dir='ltr'>ex</span> <span class='ocrx_word' id='word_1_131' title='bbox 1036 2440 1115 2504; x_wconf 92' lang='lat' dir='ltr'>pro·</span> 
     </span>
     <span class='ocr_line' id='line_1_22' title="bbox 200 2521 1113 2606; baseline 0.001 -20"><span class='ocrx_word' id='word_1_132' title='bbox 200 2521 311 2586; x_wconf 77' lang='lat' dir='ltr'>vinciis</span> <span class='ocrx_word' id='word_1_133' title='bbox 331 2528 363 2586; x_wconf 91' lang='lat' dir='ltr'>et</span> <span class='ocrx_word' id='word_1_134' title='bbox 378 2528 496 2606; x_wconf 89' lang='lat' dir='ltr'>quanto</span> <span class='ocrx_word' id='word_1_135' title='bbox 514 2523 669 2587; x_wconf 86' lang='lat' dir='ltr'>maiorem</span> <span class='ocrx_word' id='word_1_136' title='bbox 685 2543 780 2606; x_wconf 92' lang='lat' dir='ltr'>quam</span> <span class='ocrx_word' id='word_1_137' title='bbox 795 2523 964 2606; x_wconf 82' lang='lat' dir='ltr'>Augustus</span> <span class='ocrx_word' id='word_1_138' title='bbox 983 2523 1030 2587; x_wconf 89' lang='lat' dir='ltr'>rei</span> <span class='ocrx_word' id='word_1_139' title='bbox 1045 2523 1113 2588; x_wconf 85' lang='lat' dir='ltr'>fru-</span> 
     </span>
     <span class='ocr_line' id='line_1_23' title="bbox 200 2625 1115 2712; baseline 0 -21"><span class='ocrx_word' id='word_1_140' title='bbox 200 2628 375 2691; x_wconf 91' lang='lat' dir='ltr'>mentariae</span> <span class='ocrx_word' id='word_1_141' title='bbox 388 2629 512 2712; x_wconf 88' lang='lat' dir='ltr'>copiam</span> <span class='ocrx_word' id='word_1_142' title='bbox 525 2627 721 2692; x_wconf 84' lang='lat' dir='ltr'>advectaret.</span> <span class='ocrx_word' id='word_1_143' title='bbox 753 2632 799 2691; x_wconf 91' lang='lat' dir='ltr'>ita</span> <span class='ocrx_word' id='word_1_144' title='bbox 809 2626 1014 2710; x_wconf 87' lang='lat' dir='ltr'>castigandae</span> <span class='ocrx_word' id='word_1_145' title='bbox 1024 2625 1115 2711; x_wconf 91' lang='lat' dir='ltr'>plebi</span> 
     </span>
     <span class='ocr_line' id='line_1_24' title="bbox 201 2730 1114 2814; baseline 0.003 -21"><span class='ocrx_word' id='word_1_146' title='bbox 201 2730 414 2814; x_wconf 89' lang='lat' dir='ltr'>compositum</span> <span class='ocrx_word' id='word_1_147' title='bbox 424 2736 554 2795; x_wconf 87' lang='lat' dir='ltr'>senatus</span> <span class='ocrx_word' id='word_1_148' title='bbox 564 2731 746 2796; x_wconf 89' lang='lat' dir='ltr'>consultum</span> <span class='ocrx_word' id='word_1_149' title='bbox 754 2731 859 2814; x_wconf 90' lang='lat' dir='ltr'>prisca</span> <span class='ocrx_word' id='word_1_150' title='bbox 870 2730 1043 2795; x_wconf 88' lang='lat' dir='ltr'>severitate</span> <span class='ocrx_word' id='word_1_151' title='bbox 1054 2753 1114 2796; x_wconf 90' lang='lat' dir='ltr'>ne·</span> 
     </span>
     <span class='ocr_line' id='line_1_25' title="bbox 165 2834 1113 2919; baseline 0.007 -25"><span class='ocrx_word' id='word_1_152' title='bbox 165 2853 190 2894; x_wconf 94' lang='lat' dir='ltr'>1o</span> <span class='ocrx_word' id='word_1_153' title='bbox 200 2854 263 2917; x_wconf 93' lang='lat' dir='ltr'>que</span> <span class='ocrx_word' id='word_1_154' title='bbox 276 2834 407 2918; x_wconf 87' lang='lat' dir='ltr'>segnius</span> <span class='ocrx_word' id='word_1_155' title='bbox 421 2837 568 2900; x_wconf 87' lang='lat' dir='ltr'>consules</span> <span class='ocrx_word' id='word_1_156' title='bbox 581 2835 723 2900; x_wconf 83' lang='lat' dir='ltr'>edixere.</span> <span class='ocrx_word' id='word_1_157' title='bbox 755 2835 916 2900; x_wconf 89' lang='lat' dir='ltr'>silentium</span> <span class='ocrx_word' id='word_1_158' title='bbox 927 2836 1028 2919; x_wconf 88' lang='lat' dir='ltr'>ipsius</span> <span class='ocrx_word' id='word_1_159' title='bbox 1044 2856 1113 2901; x_wconf 90' lang='lat' dir='ltr'>non</span> 
     </span>
     <span class='ocr_line' id='line_1_26' title="bbox 199 2938 1113 3025; baseline 0.001 -22"><span class='ocrx_word' id='word_1_160' title='bbox 199 2938 302 3022; x_wconf 83' lang='lat' dir='ltr'>civile,</span> <span class='ocrx_word' id='word_1_161' title='bbox 319 2946 354 3003; x_wconf 92' lang='lat' dir='ltr'>ut</span> <span class='ocrx_word' id='word_1_162' title='bbox 371 2939 560 3023; x_wconf 83' lang='lat' dir='ltr'>crediderat,</span> <span class='ocrx_word' id='word_1_163' title='bbox 576 2940 635 3005; x_wconf 89' lang='lat' dir='ltr'>sed</span> <span class='ocrx_word' id='word_1_164' title='bbox 649 2941 683 3005; x_wconf 94' lang='lat' dir='ltr'>in</span> <span class='ocrx_word' id='word_1_165' title='bbox 692 2940 874 3025; x_wconf 91' lang='lat' dir='ltr'>superbiam</span> <span class='ocrx_word' id='word_1_166' title='bbox 883 2940 1113 3023; x_wconf 88' lang='lat' dir='ltr'>accipiebatur.</span> 
     </span>
     <span class='ocr_line' id='line_1_27' title="bbox 266 3044 1113 3129; baseline 0.004 -24"><span class='ocrx_word' id='word_1_167' title='bbox 266 3044 315 3106; x_wconf 84' lang='grc'>14.</span> <span class='ocrx_word' id='word_1_168' title='bbox 347 3045 430 3108; x_wconf 80' lang='lat' dir='ltr'>Fine</span> <span class='ocrx_word' id='word_1_169' title='bbox 453 3045 527 3108; x_wconf 90' lang='lat' dir='ltr'>anni</span> <span class='ocrx_word' id='word_1_170' title='bbox 551 3045 734 3126; x_wconf 79' lang='lat' dir='ltr'>Geminius,</span> <span class='ocrx_word' id='word_1_171' title='bbox 765 3045 895 3126; x_wconf 74' lang='lat' dir='ltr'>Celsus,</span> <span class='ocrx_word' id='word_1_172' title='bbox 925 3044 1113 3129; x_wconf 89' lang='lat' dir='ltr'>Pompeius,</span> 
     </span>
     <span class='ocr_line' id='line_1_28' title="bbox 200 3145 1112 3233; baseline 0 -21"><span class='ocrx_word' id='word_1_173' title='bbox 200 3148 324 3233; x_wconf 90' lang='lat' dir='ltr'>equites</span> <span class='ocrx_word' id='word_1_174' title='bbox 346 3145 503 3227; x_wconf 89' lang='lat' dir='ltr'>Romani,</span> <span class='ocrx_word' id='word_1_175' title='bbox 534 3145 679 3210; x_wconf 89' lang='lat' dir='ltr'>cecidere</span> <span class='ocrx_word' id='word_1_176' title='bbox 712 3147 940 3211; x_wconf 88' lang='lat' dir='ltr'>coniurationis</span> <span class='ocrx_word' id='word_1_177' title='bbox 963 3147 1112 3229; x_wconf 83' lang='lat' dir='ltr'>oriminc3</span> 
     </span>
     <span class='ocr_line' id='line_1_29' title="bbox 200 3250 1112 3336; baseline 0.002 -21"><span class='ocrx_word' id='word_1_178' title='bbox 200 3273 242 3315; x_wconf 87' lang='lat' dir='ltr'>ex</span> <span class='ocrx_word' id='word_1_179' title='bbox 263 3252 333 3335; x_wconf 92' lang='lat' dir='ltr'>quis</span> <span class='ocrx_word' id='word_1_180' title='bbox 357 3250 524 3315; x_wconf 83' lang='lat' dir='ltr'>Geminius</span> <span class='ocrx_word' id='word_1_181' title='bbox 553 3251 758 3335; x_wconf 89' lang='lat' dir='ltr'>prodigentia</span> <span class='ocrx_word' id='word_1_182' title='bbox 789 3271 886 3336; x_wconf 90' lang='lat' dir='ltr'>opum</span> <span class='ocrx_word' id='word_1_183' title='bbox 910 3272 947 3315; x_wconf 90' lang='lat' dir='ltr'>ao</span> <span class='ocrx_word' id='word_1_184' title='bbox 976 3252 1112 3318; x_wconf 86' lang='lat' dir='ltr'>mollitia</span> 
     </span>
     <span class='ocr_line' id='line_1_30' title="bbox 199 3354 1111 3437; baseline 0.005 -21"><span class='ocrx_word' id='word_1_185' title='bbox 199 3356 285 3418; x_wconf 80' lang='lat' dir='ltr'>vitae</span> <span class='ocrx_word' id='word_1_186' title='bbox 309 3355 429 3419; x_wconf 87' lang='lat' dir='ltr'>amicus</span> <span class='ocrx_word' id='word_1_187' title='bbox 452 3355 586 3437; x_wconf 80' lang='lat' dir='ltr'>Seiano,</span> <span class='ocrx_word' id='word_1_188' title='bbox 609 3356 689 3419; x_wconf 91' lang='lat' dir='ltr'>nihil</span> <span class='ocrx_word' id='word_1_189' title='bbox 712 3354 753 3419; x_wconf 91' lang='lat' dir='ltr'>ad</span> <span class='ocrx_word' id='word_1_190' title='bbox 777 3355 907 3418; x_wconf 88' lang='lat' dir='ltr'>serium.</span> <span class='ocrx_word' id='word_1_191' title='bbox 953 3362 986 3419; x_wconf 91' lang='lat' dir='ltr'>et</span> <span class='ocrx_word' id='word_1_192' title='bbox 1008 3355 1111 3421; x_wconf 89' lang='lat' dir='ltr'>Iulius</span> 
     </span>
     <span class='ocr_line' id='line_1_31' title="bbox 180 3457 1111 3526; baseline 0.005 -6"><span class='ocrx_word' id='word_1_193' title='bbox 180 3457 314 3522; x_wconf 81' lang='lat' dir='ltr'>sOelsus</span> <span class='ocrx_word' id='word_1_194' title='bbox 345 3459 490 3523; x_wconf 89' lang='lat' dir='ltr'>tribunus</span> <span class='ocrx_word' id='word_1_195' title='bbox 520 3461 554 3524; x_wconf 93' lang='lat' dir='ltr'>in</span> <span class='ocrx_word' id='word_1_196' title='bbox 582 3460 695 3523; x_wconf 78' lang='lat' dir='ltr'>vinclis</span> <span class='ocrx_word' id='word_1_197' title='bbox 727 3461 869 3524; x_wconf 88' lang='lat' dir='ltr'>laxatam</span> <span class='ocrx_word' id='word_1_198' title='bbox 901 3464 1047 3523; x_wconf 89' lang='lat' dir='ltr'>catenam</span> <span class='ocrx_word' id='word_1_199' title='bbox 1077 3461 1111 3526; x_wconf 95' lang='lat' dir='ltr'>in</span> 
     </span>
    </p>
   </div>
   <div class='ocr_carea' id='block_1_3' title="bbox 0 0 1246 4014">
    <p class='ocr_par' dir='ltr' id='par_1_3' title="bbox 0 0 1246 4014">
     <span class='ocr_line' id='line_1_32' title="bbox 0 0 1246 4014; baseline 0 2"><span class='ocrx_word' id='word_1_200' title='bbox 0 0 1246 4014; x_wconf 95' lang='lat' dir='ltr'> </span> 
     </span>
    </p>
   </div>
  </div>
 </body>
</html>
