2498 4010
310 343 347 382 ΑΒ
361 341 486 382 Excusso
499 343 564 382 ΒΜ
578 341 705 382 ausuum
718 343 740 381 11
754 343 824 382 ‘1-10.
982 339 1019 395 63

173 503 203 564 9.
234 503 374 567 Flumen
403 501 552 586 Visurgis
581 500 747 565 Romanos
773 495 1017 588 Cheruscosque

107 608 318 674 interfluebat.
356 608 390 671 in
411 608 482 693 ripa
505 629 577 671 cum
600 607 715 672 ceteris
738 606 931 692 primoribus
954 608 1016 671 Ar-

107 713 224 778 minius
255 713 394 796 adstitit,
424 712 634 797 quaesitoque
659 733 699 776 an
723 712 842 776 ansar
864 713 1016 796 venisset,

106 824 277 902 postquam
300 816 414 882 adesse
437 837 642 901 responsum,
668 824 705 880 ut
725 816 838 880 liceret
861 837 933 881 cum
956 817 1017 880 fra·

105 929 155 986 tre
185 923 335 1007 conloqui
366 923 477 987 oravit.
524 927 594 985 erat
621 921 647 984 is
670 921 702 984 in
727 923 872 986 exercitu
895 941 1037 1004 cogno-s
1123 977 1124 982 ,

105 1033 215 1091 mento
238 1027 369 1110 Flavus,
391 1026 526 1110 insignis
549 1025 613 1089 fide
637 1029 670 1088 et
693 1026 811 1088 amisso
828 1046 886 1109 per
901 1026 1016 1090 vulnus

106 1130 200 1195 oculo
229 1132 339 1215 paucis
368 1135 442 1194 ante
472 1129 562 1194 annis
595 1128 676 1193 duee
699 1129 839 1195 Tiberio.
884 1137 920 1194 ut
942 1151 1016 1216 per-

104 1234 255 1316 missum,
288 1255 478 1318 progressus
509 1234 665 1298 salutatur
696 1234 736 1298 ab
765 1232 929 1316 Arminio,
962 1237 1016 1319 qui

103 1339 220 1402 amotis
244 1337 468 1423 stipatoribus,
491 1343 527 1402 ut
550 1337 707 1422 sagittarii
730 1342 842 1401 nostra
863 1359 922 1422 pro
946 1339 1017 1422 ripa

103 1441 253 1526 dispositi
283 1441 495 1506 abscederent
523 1443 666 1526 postulat
690 1447 738 1525 et,
773 1446 945 1526 postquam
969 1441 1049 1505 diro

102 1545 217 1628 gressi,
240 1545 326 1609 unde
342 1566 381 1610 ea
397 1544 584 1610 deformitas
601 1545 665 1609 oris
680 1545 858 1629 interrogat
873 1546 1015 1610 fratrem.

100 1650 158 1713 illo
183 1648 290 1724 locum
313 1655 345 1713 et
366 1649 527 1734 proelium
546 1649 718 1733 referente,
742 1651 905 1735 quodnam
920 1672 1014 1735 prae-

100 1752 201 1816 mium
225 1753 400 1838 recepisset
417 1755 566 1838 exquirit.
600 1755 718 1820 Flavus
735 1760 829 1819 aucta
844 1754 1014 1840 stipendia,

100 1863 250 1941 torquem
270 1863 303 1922 et
318 1878 469 1922 coronam
485 1860 611 1943 aliaque
627 1859 779 1923 militaria
794 1859 1013 1923 donamemo-

101 1969 159 2044 rat,
184 1961 346 2027 inridente
370 1961 518 2027 Arminio
542 1963 619 2027 vilia
641 1963 763 2027 servitii
785 1965 898 2048 pretia.
1023 1990 1048 2030 15

170 2067 220 2130 10.
255 2066 340 2130 Exin
357 2066 476 2131 diversi
493 2061 675 2150 ordiuntur,
692 2068 744 2131 hic
759 2067 1013 2151 magnitudinem

101 2167 293 2250 Romanam,
318 2191 396 2254 opes
420 2170 568 2234 ansaris
590 2176 623 2234 et
640 2170 733 2236 victis
748 2175 863 2255 graves
882 2193 1014 2258 poenas,

102 2274 133 2338 in
143 2274 345 2338 deditionem
358 2275 501 2339 venienti
514 2279 657 2359 paratam
671 2275 891 2356 clementiam3
907 2296 1013 2359 neque

99 2377 273 2460 coniugem
296 2379 452 2443 etlilium
476 2379 544 2442 eius
568 2378 728 2442 hostiliter
743 2378 872 2443 haberi:
896 2379 951 2442 ille
966 2379 1014 2443 las

99 2483 243 2566 patriae,
266 2483 448 2549 libertatem
471 2484 599 2566 avitam,
622 2484 797 2568 penetralis
821 2484 1035 2551 Germaniaes

99 2587 191 2668 deos,
215 2593 352 2652 matrem
374 2609 507 2672 precum
529 2589 667 2669 sociam3
696 2609 737 2652 ne
760 2589 1014 2672 propinquorum

98 2696 131 2754 et
154 2690 320 2774 adfinium,
344 2691 483 2777 denique
506 2694 611 2776 gentis
635 2714 711 2757 suae
729 2692 876 2756 desertor
892 2701 924 2756 et
938 2715 1013 2777 pro-

98 2795 186 2859 ditor
216 2815 286 2860 esse
309 2798 430 2861 mallet.
476 2797 631 2882 paulatim
653 2797 728 2861 inde
752 2797 793 2861 ad
815 2797 920 2880 iurgia
939 2818 1013 2882 pro·

97 2898 180 2984 lapsi
204 2919 268 2983 quo
292 2900 397 2964 minus
419 2922 561 2985 pugnam
586 2907 793 2966 consererent
816 2923 857 2965 ne
883 2902 1013 2966 flumine

97 3002 233 3087 quidem
256 3003 425 3068 interiecto
450 3005 692 3087 cohibebantur,
716 3006 748 3069 ni
771 3006 941 3071 Stertinius
957 3007 1049 3070 ad-1o

97 3127 232 3171 currens
256 3107 387 3191 plenum
409 3108 476 3172 irae
500 3131 651 3194 armaque
676 3120 708 3174 et
732 3131 850 3194 equum
879 3130 1013 3194 poscen-

99 3217 166 3274 tem
182 3211 321 3275 Flavum
344 3211 544 3277 adtinuisset.
578 3213 769 3277 cernebatur
793 3221 905 3278 contra
921 3214 1013 3276 mini·
1102 3217 1108 3232 '

99 3314 261 3379 tabundus
277 3314 442 3380 Arminius
460 3317 684 3402 proeliumque
705 3317 914 3398 denuntians3
940 3337 1014 3381 nam

100 3418 255 3503 pleraque
270 3418 386 3482 Latino
406 3441 554 3484 sermone
570 3420 802 3504 interiaciebat,
825 3427 860 3484 ut
876 3422 930 3505 qui
945 3420 1013 3485 Ro·

101 3524 203 3587 manis
226 3525 260 3587 in
283 3525 395 3588 castris
419 3522 533 3589 ductor
555 3525 760 3609 popularium
783 3527 962 3590 meruisset.
1024 3547 1050 3585 1s

816 3621 857 3676 4*
