2498 4010
225 269 262 325 72
559 271 697 311 CORNELII
710 270 808 311 raom

225 431 311 496 misit
344 436 379 495 ut
410 434 626 494 scrutarentur
658 429 786 494 insulas.
834 430 962 496 collecti
994 452 1033 495 ea
1064 453 1142 495 cura

225 537 389 622 plerique:
404 536 522 600 multos
537 534 723 619 Angrivarii
738 556 842 619 nuper
856 535 890 600 in
905 535 1003 604 fidem
1016 537 1141 621 accepti

224 640 410 725 redemptos
439 639 479 704 ab
506 639 712 704 interioribus
735 639 924 723 reddidere,
955 641 1085 727 quidam
1106 643 1142 706 in

189 760 215 800 20
224 744 424 809 Britanniam
450 745 534 827 rapti
564 743 691 808 remissi
720 764 739 807 a
766 744 897 827 regulis.
941 751 977 808 ut
1003 745 1075 830 quis
1098 766 1141 809 ex

225 850 400 934 longinquo
416 853 596 930 revenerat,
619 848 771 912 miracula
790 850 970 932 narrabant,
992 850 1058 912 vim
1074 855 1140 914 tur-

224 954 335 1019 binum
358 961 390 1018 et
412 953 571 1018 inauditas
594 953 752 1030 volucres,
777 958 920 1018 monstra
933 954 1049 1036 maris,
1073 975 1140 1019 am·

224 1058 338 1144 biguas
360 1059 527 1122 hominnm
550 1062 582 1122 et
597 1057 764 1122 beluarum
779 1057 908 1140 formes,
931 1058 998 1121 visa
1013 1058 1081 1124 sive
1098 1080 1140 1123 ex

227 1169 315 1227 metu
339 1161 471 1226 credita.

292 1268 343 1335 25.
365 1266 430 1331 Sed
451 1266 538 1331 fama
561 1266 670 1331 classis
693 1269 829 1330 emissae
849 1272 885 1332 ut
903 1266 1082 1331 Germanos
1098 1266 1140 1329 ad

226 1392 317 1455 spem
340 1371 432 1452 belli,
458 1372 503 1436 ita
527 1370 698 1436 Gaesarem
722 1372 764 1436 ad
787 1372 1002 1436 coercendum
1026 1371 1139 1436 erexit.

228 1473 263 1540 Ο.
295 1474 374 1539 Silio
407 1496 479 1540 oum
510 1476 640 1560 triginta
670 1475 833 1561 peditum,
866 1475 966 1540 tribus
996 1475 1139 1559 equitum

225 1579 354 1644 milibus
383 1581 430 1644 ire
460 1581 492 1644 in
519 1578 653 1645 Chattos
682 1581 845 1664 imperat3·
866 1580 935 1664 ipse
963 1579 1139 1643 maioribus

202 1668 326 1768 scopite
348 1685 473 1750 Marsos
494 1683 656 1768 inrumpit,
679 1705 815 1769 quorum
833 1683 899 1747 dux
914 1684 1139 1750 Mallovendus

224 1789 257 1853 in
281 1787 480 1853 deditionem
503 1794 654 1873 eeceptus
677 1789 857 1874 propinquo
882 1788 955 1854 luco
979 1787 1138 1852 defossam

224 1892 384 1958 Varianae
411 1893 548 1978 legionis
571 1893 712 1976 aquilam
735 1893 862 1957 modico
885 1892 1047 1978 praesidio
1072 1913 1136 1956 ser-

223 1995 292 2061 vari
320 1996 449 2061 indicat.
494 1996 592 2060 missa
621 1997 786 2082 extemplo
817 2017 930 2061 manus
959 2017 1041 2082 quae
1064 1999 1137 2062 hos-

223 2104 289 2164 tem
315 2123 334 2165 a
355 2100 461 2165 fronte
484 2100 625 2184 eliceret,
648 2100 702 2166 alii
724 2102 779 2185 qui
801 2107 894 2187 terga
916 2101 1138 2186 circumgressi

190 2203 429 2270 1⁰recluderent
456 2206 606 2286 humum;
638 2214 670 2271 et
697 2207 839 2291 utrisque
870 2206 973 2271 adfuit
1001 2206 1137 2274 fortuna.

225 2328 264 2372 eo
298 2307 478 2392 promptior
509 2308 628 2373 Caesar
660 2311 766 2396 pergit
796 2312 969 2394 introrsus,
1002 2313 1136 2398 popula·

224 2419 276 2477 tur
310 2410 453 2476 excindit
486 2432 552 2476 non
586 2434 699 2478 ausum
731 2415 886 2500 congredi
916 2416 1044 2479 hostem
1076 2419 1136 2496 aut,

225 2515 326 2581 sicubi
350 2517 520 2600 restiterat,
544 2518 652 2582 statim
674 2520 802 2604 pulsum
824 2541 885 2585 nec
899 2540 1051 2604 umquam
1074 2540 1138 2583 ma·

225 2621 274 2705 gis
302 2626 484 2706 paventem.
530 2622 648 2708 quippe
677 2622 814 2688 invictos
839 2629 873 2688 et
894 2624 990 2689 nullis
1013 2625 1137 2690 casibus

191 2725 422 2810 insuperabiles
444 2725 626 2810 Romanos,
650 2727 703 2811 qui
726 2727 854 2813 perdita
877 2728 993 2808 classe,
1016 2728 1138 2792 amissis

226 2829 337 2912 armis,
365 2836 440 2914 post
470 2835 632 2894 constrata
662 2851 817 2916 equorum
842 2832 1049 2916 virorumque
1073 2852 1138 2896 eor-

225 2933 357 3019 poribus
380 2933 476 2998 litora
499 2934 614 2999 eadem
633 2934 761 3014 virtute,
784 2937 855 3020 pari
869 2935 990 3001 ferocia
1004 2941 1036 2999 et
1051 2937 1139 3002 velut

227 3039 313 3103 aucti
336 3059 482 3104 numero.

291 3143 343 3205 26.
374 3140 543 3206 Reductus
572 3143 648 3207 inde
678 3144 713 3207 in
740 3143 876 3208 hiberna
898 3143 1008 3225 miles,
1036 3143 1139 3208 laetus

226 3246 325 3310 animi
349 3245 435 3331 quod
458 3245 595 3310 adversa
617 3248 713 3311 maris
744 3247 954 3333 expeditione
984 3268 1140 3334 prospera

226 3350 436 3432 pensavisset.
474 3349 600 3413 addidit
622 3351 873 3416 munificentiam
891 3352 1018 3434 Caesar,
1043 3374 1139 3439 quan·

228 3457 296 3515 tum
320 3454 390 3536 quis
414 3453 520 3516 damni
543 3452 707 3537 professus
731 3461 800 3520 erat
824 3455 1036 3519 exsolvendo.
1081 3477 1139 3520 neo
