2444 4010
260 345 298 386 ΑΒ
312 343 438 384 EXGESSU
451 343 516 384 DIVI
530 343 657 385 AUGUSTI
670 345 693 385 11
707 345 791 386 dli-59.
943 339 980 398 95

79 510 133 584 tur,
154 505 307 590 principis
329 504 480 588 Romani,
505 497 704 570 non'Parthi
727 505 813 588 regis
835 505 900 569 fiho
926 487 1016 571 casio

77 610 179 694 epulas
209 610 294 674 dari:
327 609 508 694 abiecitque
531 609 626 673 simul
649 629 803 674 coronam
826 615 859 673 et
880 609 982 674 multa

76 715 107 778 in
133 714 246 778 luxum
276 713 414 794 addidit,
449 733 531 799 quae
563 712 755 778 Germanico
788 732 981 798 quamquam

76 819 184 885 acerba
205 815 428 884 tolerabantur
448 824 567 882 tamen.

132 925 183 988 58.
215 923 306 989 Inter
328 945 410 1009 quae
432 924 472 988 ab
496 941 575 1007 rege
597 921 791 986 Parthorum
813 921 979 987 Artabano

75 1027 167 1113 legati
180 1049 311 1096 venere.
337 1029 471 1093 miserat
485 1028 656 1092 amicitiam
673 1048 711 1091 ae
726 1026 841 1091 foedus
857 1047 979 1092 memo-

74 1139 208 1213 raturos,
240 1139 274 1198 et
296 1153 415 1219 cupere
438 1133 587 1198 renovari
611 1131 742 1196 dexhas
766 1131 979 1214 daturumque

74 1237 183 1302 honori
206 1235 392 1302 Germanici
418 1242 454 1300 ut
474 1235 578 1321 ripam
599 1234 772 1320 Euphratis
794 1233 979 1299 accederet:

74 1347 177 1424 petere
209 1341 340 1406 interim
369 1361 411 1405 ne
438 1339 595 1405 Vonones
625 1340 659 1403 in
682 1338 776 1422 Syria
806 1337 1002 1407 habereture

74 1465 132 1508 neu
153 1465 304 1531 proceres
326 1446 473 1529 gentium
494 1444 684 1529 propinquis
706 1443 826 1507 nuntiis
849 1442 891 1508 ad
915 1443 978 1508 dis-

75 1549 193 1614 cordias
215 1550 369 1615 traheret.
407 1549 449 1613 ad
472 1571 512 1614 ea
535 1549 747 1615 Germanicus
767 1548 808 1614 de
824 1549 979 1614 societate

74 1651 287 1720 Romanorum
301 1653 559 1739 Parthorumque
575 1652 755 1738 magnifice,
780 1652 823 1724 de
838 1651 980 1718 adventu

74 1758 156 1840 regis
187 1764 220 1824 et
249 1759 338 1823 cultu
355 1759 417 1823 ¹sui
447 1777 520 1821 cum
543 1757 661 1821 decore
684 1777 722 1821 aa
744 1755 906 1822 modestia
927 1776 978 1820 re·

75 1862 208 1944 spondit
185 1861 404 1927 tVonones
420 1860 684 1946 Pompeiopolim
703 1860 835 1926 Ciliciae
858 1861 979 1925 mariti·
966 1886 1016 1925 -ιι

75 1989 153 2032 mam
182 1968 296 2032 urbem
329 1972 456 2031 amotus
488 1973 547 2030 est.
525 1965 705 2030 tdatum
730 1965 765 2028 id
792 1985 858 2031 non
880 1966 977 2030 modo

75 2070 300 2152 precibust
236 2068 300 2134 Art
301 2071 395 2136 ebeni
424 2070 483 2136 sed
513 2075 588 2136 cont
574 2070 726 2135 tumeliae
749 2070 895 2155 Pisonis,
930 2071 980 2135 cui

75 2175 266 2255 gratissimus
290 2179 359 2240 erat
345 2173 423 2238 tob
446 2174 585 2260 plurima
607 2175 768 2239 officiaet
792 2174 886 2258 dona,
910 2175 979 2306 qui-

76 2278 128 2342 bus
149 2279 335 2346 Plancinam
358 2280 558 2344 devinxerat.

133 2385 183 2450 59.
205 2384 250 2449 M.
266 2384 375 2448 Srlano
391 2383 429 2448 L
441 2384 596 2449 Norbano
613 2383 797 2449 consulibus
811 2383 980 2449 Germani-

76 2505 125 2550 cus
139 2487 327 2574 Aegyptum
348 2489 563 2572 proficiscitur
582 2487 829 2572 cognoscendae
845 2489 980 2573 antiqui-

74 2592 150 2657 tatis.
188 2594 246 2659 sed
265 2614 341 2659 eura
356 2593 543 2678 provinciae
558 2593 830 2678 praetendebatur
845 2592 979 2657 levavit·

75 2715 131 2778 que
145 2700 265 2784 apertis
279 2698 406 2763 horreis
421 2697 526 2783 pretia
540 2698 669 2783 frugum
683 2696 847 2782 multaque
862 2697 897 2762 in
909 2697 980 2763 vul-

75 2819 129 2882 gus
143 2810 234 2885 grata
246 2802 432 2888 usurpavit:
457 2802 525 2866 sine
540 2802 642 2866 milite
657 2800 819 2884 incedere,
843 2801 1001 2887 pedibuss

75 2901 194 2970 intectis
218 2913 250 2971 ct
272 2908 342 2992 pari
365 2927 438 2972 cum
459 2904 599 2970 Graecis·
615 2905 742 2989 amictu,
766 2906 805 2970 P.
821 2907 980 2990 Scipionis

75 3010 292 3093 aemulatione,
316 3031 412 3095 quem
435 3008 552 3075 eadem
574 3009 770 3076 factitavisse
794 3011 881 3096 apud
902 3011 979 3077 Sici-

75 3109 154 3194 liam,
170 3116 314 3199 quamvis
327 3115 485 3200 flagrante
501 3113 606 3177 adhue
616 3114 803 3178 Poenorum
813 3113 910 3197 bello,
927 3135 978 3180 ao·

77 3219 221 3302 cepimus.
265 3219 413 3284 Tiberius
446 3218 534 3283 cultu
562 3216 737 3302 habituque
762 3219 831 3282 eius
853 3217 979 3282 lenibus

77 3321 175 3386 uerbis
195 3323 365 3408 perstricto
390 3323 546 3388 acerrime
568 3321 730 3406 increpuit
751 3321 839 3406 quod
869 3327 1015 3390 contram

77 3419 214 3491 instituta
240 3425 381 3510 Augusti
410 3445 476 3491 non
506 3431 621 3511 sponte
651 3426 804 3512 principis
833 3425 978 3492 Alexan·

78 3523 171 3592 dn'am
185 3530 358 3596 introisset.
390 3551 465 3595 nam
476 3528 645 3613 Augustus
659 3529 743 3593 inter
759 3530 821 3594 alia
834 3530 977 3598 domina·
998 3552 1003 3556 ·
