2444 4010
224 311 279 367 124
549 315 687 356 coannmr
700 315 798 355 sacrm

188 499 213 538 10
223 479 292 546 cina
315 478 455 544 Severus
477 498 566 542 aram
590 474 793 540 statuendam
817 473 1033 551 censuissent,
1055 489 1124 555 pro·

221 585 327 649 hibuit
360 587 510 648 externas
542 582 691 646 victorias
722 579 841 644 sacrari
872 578 1039 658 dictitans,
1072 574 1125 637 do·

221 690 356 755 mestica
379 688 463 752 mala
485 686 614 750 tristitia
637 682 823 769 operienda.
859 678 1030 744 addiderat
1047 677 1127 742 Mes·

222 794 342 858 salinus
356 790 486 856 Tiberio
505 797 539 854 et
553 788 722 874 Augustae
739 792 772 852 et
786 785 948 850 Antoniae
965 789 997 848 et
1013 782 1127 868 Agrip-

222 898 317 983 pinae
339 896 513 979 Drusoque
545 893 585 957 ob
614 891 789 958 vindictam
814 887 998 956 Germanici
1026 895 1130 970 grates

188 1019 213 1057 1⁶
223 998 366 1086 agendas
383 1000 597 1082 omiseratque
615 994 742 1062 Claudii
758 993 966 1058 mentionem.
999 997 1032 1056 et
1047 993 1129 1057 Mes·
1211 997 1212 1064 f

224 1105 360 1170 salinum
390 1102 520 1188 quidem
543 1101 580 1165 L.
603 1100 770 1185 Asprenas
793 1103 906 1163 senatu
930 1118 1039 1162 coram
1061 1117 1131 1182 per·
1211 1117 1212 1122 ¹

224 1214 371 1275 contatus
403 1211 452 1271 est
483 1227 524 1270 an
561 1203 705 1290 prudens
736 1203 960 1288 praeterisset:
998 1222 1036 1265 ao
1068 1209 1133 1265 tum

225 1314 355 1377 demum
377 1331 496 1376 nomen
512 1309 641 1375 claudii
663 1309 869 1393 adscriptum.
901 1307 991 1388 mihi,
1016 1313 1131 1392 quanto

224 1417 318 1503 plura
331 1415 511 1480 recentium
528 1436 586 1480 seu
602 1421 749 1479 veterum
764 1413 907 1496 revolvo,
924 1417 1016 1476 tanto
1032 1412 1132 1498 magis

190 1519 362 1586 coludibria
384 1539 492 1583 rerum
513 1519 698 1584 mortalium
721 1519 843 1584 cunctis
865 1518 899 1581 in
918 1518 1061 1602 negotiis
1081 1520 1133 1583 ob-

224 1630 401 1692 versantur.
445 1624 564 1708 quippe
593 1622 680 1688 fama
707 1643 765 1707 spe
796 1621 1006 1686 veneratione
1029 1623 1134 1708 potius

227 1748 338 1793 omnes
355 1727 597 1792 destinabantur
611 1725 747 1810 imperio
771 1746 867 1810 quam
882 1746 978 1810 quem
993 1725 1135 1792 futurum

225 1833 404 1919 principem
425 1831 554 1895 fortuna
580 1832 614 1895 in
638 1831 764 1894 occulto
787 1831 929 1895 tenebat.

292 1938 342 2001 19.
372 1935 487 2000 Paucis
509 1939 585 2018 post
608 1933 722 1998 diebus
738 1932 858 1998 Caesar
879 1939 992 1999 auctor
1014 1936 1137 2001 senatui

225 2039 360 2104 Vitellio
382 2045 477 2123 atque
493 2035 636 2101 Veranio
661 2042 694 2101 et
712 2036 853 2102 Servaeo
878 2038 1063 2104 sacerdotia
1083 2041 1137 2104 tri·

226 2143 362 2210 buendi:
386 2141 533 2207 Fulcinio
551 2140 738 2225 suffragium
757 2141 798 2205 ad
819 2142 960 2206 honores
975 2143 1138 2227 pollicitus

227 2247 352 2313 monuit
380 2267 421 2311 ne
444 2244 627 2310 facundiam
649 2245 802 2312 violentia
830 2247 1069 2332 praecipitaret.
1113 2251 1138 2314 is

207 2353 298 2416 afinis
326 2352 360 2417 in
384 2350 570 2416 ulciscenda
594 2352 776 2416 Germanioi
799 2357 920 2433 morte,
950 2374 1018 2417 non
1039 2352 1136 2417 modo
1210 2359 1211 2436 ζ

229 2454 315 2541 apud
337 2455 411 2518 illos
433 2457 581 2521 homines
605 2455 750 2541 quitum
773 2458 930 2540 agebant,
960 2458 1059 2522 etiam
1087 2479 1137 2523 se·
1210 2443 1211 2468 ³

229 2560 311 2625 eutis
332 2558 532 2643 temporibus
554 2559 643 2623 vario
667 2581 796 2625 rumore
814 2560 942 2625 iactata.
973 2559 1057 2624 adeo
1072 2583 1138 2626 ma·

228 2667 318 2729 xima
346 2683 493 2749 quaeque
522 2664 673 2748 ambigua
697 2669 785 2746 sunt,
818 2665 893 2729 dum
924 2663 978 2728 alii
1010 2686 1137 2750 quoquo

229 2768 327 2835 modo
351 2768 460 2832 audita
481 2789 541 2853 pro
565 2767 728 2852 conpertis
750 2767 886 2849 habent,
917 2768 972 2832 alii
1000 2789 1079 2833 vera
1108 2771 1138 2834 in

195 2874 424 2939 rocontrarium
446 2877 577 2938 vertunt
608 2878 642 2937 et
670 2872 776 2955 gliscit
805 2878 977 2957 utrumque
1001 2874 1138 2958 posteri·

229 2985 307 3044 tate.
352 2985 386 3042 at
416 2978 542 3042 Drusus
573 2976 653 3040 urbo
685 2997 835 3060 egressus
866 2975 1053 3061 repetendis
1084 2998 1137 3041 au-

230 3083 338 3168 spiciis
365 3102 444 3146 mox
468 3103 566 3146 ovans
589 3081 722 3146 introiit.
765 3101 951 3166 paucosque
973 3087 1050 3166 post
1072 3082 1138 3145 dies

230 3187 388 3272 Vipsania
400 3192 504 3250 mater
522 3187 592 3251 eius
607 3186 758 3266 excessit,
781 3206 847 3249 una
863 3185 1006 3249 omnium
1021 3183 1136 3269 Agrip·

231 3312 293 3377 pac
324 3291 501 3355 liberorum
534 3288 604 3354 miti
638 3289 738 3353 obitu.
782 3308 857 3352 nam
884 3292 1009 3352 ceteros
1037 3287 1137 3351 mani-

197 3395 351 3463 alestam
377 3394 463 3458 ferro
493 3391 545 3458 vel
577 3392 733 3457 creditum
757 3397 806 3458 est
828 3412 955 3457 veneno
979 3397 1035 3456 aut
1056 3393 1138 3457 famo

233 3496 402 3561 extinctos.

353 3573 358 3586 0
