2498 4010
308 315 345 354 AB
359 315 484 356 EXCESSU
498 315 562 354 DIVI
575 314 702 354 AUGUSTI
715 313 726 351 1
741 313 825 352 21-24.
982 308 1018 362 19

103 485 213 540 tamen
238 497 274 540 ac
302 475 501 560 praefectum
531 480 709 538 castrorum
733 481 917 537 extruserc:
952 493 1018 536 sar·

104 581 195 644 cinae
226 563 417 664 fugientium
440 579 596 662 direptae.
645 585 678 642 et
707 576 851 640 centurio
876 575 1018 652 Lucilius

103 684 312 766 interficitur,
352 685 402 748 cui
439 683 630 747 militaribus
670 681 794 745 facetiis
825 681 1019 744 vocabulum

104 789 199 870 ,cedo
217 787 361 852 alteram‘
377 786 569 868 indiderant,
586 785 661 869 quia
676 785 777 849 fracta
793 785 858 849 vite
877 785 910 847 in
925 790 1018 870 tergo
1030 806 1055 846 15

104 893 218 956 militis
241 894 375 956 alteram
399 892 484 955 clara
497 911 579 955 voce
604 911 642 954 ac
664 911 772 953 rursus
794 890 890 954 aliam
905 910 1019 974 posce·

104 997 171 1062 bat.
218 1002 344 1061 ceteros
374 997 517 1060 latebrae
541 1002 673 1076 texere,
704 1015 770 1058 uno
793 999 920 1058 retento
946 992 1019 1057 Ole-

104 1108 217 1165 mente
249 1100 351 1182 Iulio,
381 1100 435 1184 qui
464 1099 666 1184 perferendis
695 1100 832 1164 militum
863 1099 1021 1163 mandatis

106 1204 289 1269 habebatur
302 1203 441 1268 idoneus
458 1203 499 1268 ob
517 1208 705 1288 promptum
727 1204 904 1286 ingenium.
943 1205 1021 1288 quin

105 1313 199 1394 ipsae
222 1308 305 1372 inter
329 1329 363 1372 se
388 1308 536 1391 legiones
561 1313 674 1372 octava
696 1312 729 1372 et
752 1308 863 1392 quinta
886 1307 1057 1372 decumam

105 1413 229 1478 ferrum
250 1413 422 1497 parabant,
455 1411 531 1476 dum
559 1414 781 1477 centurionem
804 1418 1019 1497 cognomento

106 1518 268 1601 Sirpicum
282 1518 339 1581 illa
353 1518 450 1581 morti
466 1517 623 1601 deposcit,
633 1517 914 1601 quintadecumani
929 1524 1021 1581 tuen-

106 1631 171 1703 tur,
193 1624 226 1687 ni
250 1625 342 1688 miles
360 1644 505 1688 nonanus
528 1644 643 1707 preces
667 1629 700 1687 et
722 1622 893 1686 adversum
912 1643 1020 1704 asper·

109 1727 218 1789 nantis
241 1726 343 1789 minas
366 1726 588 1791 interiecisset.

176 1830 228 1891 24.
262 1829 354 1894 Haec
394 1830 505 1895 audita
544 1852 736 1915 quamquam
774 1832 955 1895 abstrusum
990 1836 1022 1894 et

107 1934 292 1999 tristissima
308 1955 454 2019 quaeque
470 1935 611 1998 maxime
629 1935 843 1998 occultantem
858 1932 1021 1997 Tiberium

108 2041 283 2125 perpulere
299 2046 336 2103 ut
349 2040 493 2104 Drusum
516 2039 617 2103 filium
634 2060 705 2103 cum
727 2038 920 2124 primoribus
944 2037 1020 2101 civi-

108 2144 186 2218 tatis
219 2144 405 2228 duabusque
446 2143 615 2228 praetoriis
647 2143 833 2207 cohortibus
870 2142 1022 2223 mitteret,

107 2248 207 2314 nullis
229 2248 306 2313 satis
337 2249 432 2312 certis
461 2248 636 2312 mandatis:
669 2267 769 2312 exre
792 2247 1045 2312 consulturums

109 2363 142 2418 et
166 2353 316 2417 cohortes
333 2353 463 2418 delecto
488 2354 589 2418 milite
605 2374 701 2437 supra
724 2353 853 2416 solitum
869 2351 1022 2416 firmatae.

108 2456 240 2522 additur
262 2476 380 2540 magna
402 2478 477 2541 pars
500 2457 696 2542 praetoriani
712 2457 828 2541 equitis
851 2463 884 2520 et
906 2456 1024 2521 robora

110 2562 369 2643 Germanorum,
400 2562 454 2644 qui
483 2566 552 2623 tum
576 2559 726 2624 custodes
756 2559 943 2643 imperatori
966 2558 1022 2621 ad·

109 2673 219 2744 erant3
242 2664 336 2727 simul
360 2664 513 2748 praetorii
536 2663 718 2749 praefectus
740 2661 855 2726 Aelius
879 2661 1023 2743 Seianus,

108 2768 241 2852 collega
268 2768 418 2833 Straboni
450 2767 533 2852 patri
563 2789 621 2832 suo
652 2766 761 2849 datus,
791 2786 908 2852 magna
936 2765 1023 2852 apud
1034 2787 1059 2826 10

108 2872 276 2936 Tiberium
309 2873 518 2954 auctoritate,
558 2877 665 2936 rector
703 2870 811 2935 iuveni
843 2876 876 2935 et
907 2872 1024 2936 ceteris

109 2975 329 3060 periculorum
363 2976 644 3060 praemiorumque
675 2980 863 3039 ostentator.
914 2975 1023 3041 Druso

109 3081 340 3168 propinquanti
364 3082 454 3165 quasi
477 3101 536 3165 per
559 3079 699 3144 officium
723 3079 838 3145 obviae
861 3080 951 3144 fuere
976 3081 1022 3144 le·

110 3189 236 3270 giones,
258 3205 324 3248 non
345 3186 467 3266 laetae,
491 3192 527 3246 ut
549 3184 703 3265 adsolet,¹
717 3204 822 3268 neque
845 3184 1024 3268 insignibus

110 3290 283 3374 fulgentes,
313 3289 371 3353 sed
401 3289 522 3353 inluvie
546 3288 682 3352 deformi
713 3296 746 3352 et
768 3290 876 3369 vultu,
911 3309 1060 3372 quam-1⁵

112 3414 208 3477 quam
231 3392 425 3458 maestitiam
453 3392 673 3474 imitarentur,
705 3391 924 3455 contumaciae
948 3413 1023 3476 pro-

114 3518 232 3581 ptores.
