2498 4010
228 303 264 360 74
574 305 824 348 connnnuuscrrr

229 488 299 531 rum
323 487 423 550 sacra,
447 466 644 532 somniorum
669 468 766 530 stiam
789 467 982 552 interpretes
1004 464 1139 550 impulit,

230 569 307 634 dum
337 591 496 656 proavum
525 570 737 655 Pompeium,
769 571 901 634 amitam
933 569 1141 651 Scriboniam,

192 696 310 760 requae
334 675 497 762 quondam
519 673 662 760 Augusti
685 674 826 739 coniunx
839 675 955 758 fuerat,
978 675 1142 740 consobri-

226 803 286 846 nos
310 780 476 864 Caesares,
500 782 631 866 plenam
645 779 839 864 imaginibus
856 777 987 843 domum
1003 783 1143 843 ostentat

226 887 436 971 hortaturque
469 886 512 968 ad
534 885 646 949 luxum
670 890 703 949 et
725 906 781 949 aas
803 886 952 967 alienum,
975 883 1081 949 socius
1106 884 1141 947 li-

226 989 372 1054 bidinum
401 996 438 1082 ,at
469 990 716 1072 necessitatum,
749 1010 812 1073 quo
842 989 987 1074 pluribus
1015 988 1142 1054 indiciis

227 1094 388 1178 inligaret.

291 1200 342 1263 28.
369 1199 414 1264 Ut
437 1200 512 1264 satis
532 1200 663 1264 testium
679 1203 712 1264 et
728 1198 783 1283 qui
798 1198 884 1263 sarri
900 1197 1015 1264 eadem
1029 1218 1142 1262 nosce·

225 1308 298 1366 rent
319 1303 473 1388 repperit,
497 1302 618 1366 aditum
641 1302 683 1367 ad
705 1301 884 1387 principem
905 1302 1057 1387 postulat,
1085 1301 1141 1366 de·

226 1412 403 1471 monstrato
434 1406 566 1471 crimine
595 1414 707 1471 atreo
731 1428 791 1492 per
812 1406 965 1473 Flaccum
986 1404 1142 1472 Vescula-

225 1509 308 1573 rium
332 1510 474 1594 equitem
492 1510 683 1594 Romanum,
706 1514 758 1576 cui
774 1512 907 1597 propior
923 1533 995 1576 cum
1010 1511 1139 1576 Tiberio

204 1634 311 1678 susus.
350 1613 470 1680 Caesar
492 1619 680 1699 aspernatur
704 1637 912 1701 congressus:
936 1636 1031 1700 posse
1056 1615 1140 1680 enim

226 1717 343 1783 eodem
365 1719 562 1784 internuntio
587 1740 779 1784 commeare.
817 1725 914 1805 atque
936 1719 1065 1784 interim
1087 1717 1140 1783 Li-

224 1823 344 1888 bonem
373 1828 465 1888 ornat
485 1828 652 1908 praetura,
675 1825 874 1890 convictibus
896 1823 1045 1905 adhibet,
1075 1843 1140 1887 non

225 1929 315 1991 vultu
338 1929 505 2010 alienatus,
528 1949 594 1992 non
614 1927 721 1993 verbis
738 1930 932 1994 commotior
946 1925 1043 2010 (adeo
1060 1929 1138 1991 iram

226 2030 449 2112 condiderat):
466 2031 552 2096 dicta
567 2030 725 2117 factaque,
742 2052 814 2095 oum
828 2031 1002 2117 prohibere
1017 2038 1139 2115 posset,

190 2135 307 2201 rescire
322 2135 472 2218 malebat,
497 2134 601 2201 donec
614 2135 727 2202 Iunius
746 2135 889 2222 quidam,
912 2141 1089 2220 temptatus
1105 2145 1140 2198 ut

225 2240 366 2305 infernas
383 2240 512 2306 umbras
528 2240 721 2305 carminibus
738 2240 879 2323 eliceret,
900 2239 942 2303 ad
957 2239 1137 2304 Fulcinium

225 2345 379 2410 Trionem
401 2344 556 2409 indicium
580 2345 706 2410 detulit.
752 2345 879 2409 celebre
901 2347 985 2410 inter
1008 2365 1136 2408 accusa-

224 2454 312 2512 tores
334 2448 462 2513 Trionis
490 2449 656 2535 ingenium
678 2448 873 2534 avidumque
895 2451 1001 2515 famae
1019 2450 1137 2514 malae.

225 2554 332 2620 statim
356 2554 488 2638 corripit
508 2575 617 2638 rcum,
641 2556 710 2620 adit
732 2556 895 2638 consules,
919 2555 1137 2638 cognitionem

188 2663 353 2724 incenatus
381 2658 494 2744 poscit.
539 2663 573 2722 st
595 2664 750 2724 vocantur
771 2663 895 2743 patres,
926 2656 1036 2723 addito
1060 2677 1135 2721 con·

224 2763 409 2828 sultandum
429 2783 528 2847 super
549 2782 585 2827 re
608 2782 727 2846 magna
749 2766 783 2826 st
805 2762 916 2827 atroci.

289 2868 342 2930 29.
374 2866 457 2932 Libo
480 2867 610 2932 interim
632 2872 724 2932 veste
747 2872 871 2932 mutata
893 2886 967 2931 cum
989 2867 1135 2953 primori·
1223 2839 1224 2846 i

223 2971 284 3035 bus
298 2970 423 3034 feminis
440 2970 609 3036 circumire
626 2969 752 3053 domos,
770 2991 862 3035 orare
873 2969 1006 3054 adfines,
1021 2992 1135 3036 vocem

222 3075 395 3140 adversum
417 3076 561 3158 pericula
582 3095 737 3160 poscere,
767 3073 982 3141 abnuentibus
1005 3077 1135 3158 cunctis,

223 3203 294 3246 cum
312 3180 440 3246 diversa
454 3181 715 3266 praetenderent,
738 3180 855 3245 eedem
867 3181 1051 3248 formidine.
1084 3182 1134 3246 die

202 3291 352 3350 asenatus
374 3289 464 3348 metu
488 3291 520 3349 et
543 3283 745 3368 aegritudine
766 3285 869 3351 lessus
884 3286 963 3368 sive,
986 3293 1023 3350 ut
1037 3287 1134 3352 tredi-

224 3388 301 3452 dsre
325 3386 473 3471 quidam,
497 3389 646 3452 simulato
670 3389 785 3455 morbo
807 3391 924 3455 lectica
946 3390 1073 3455 delatus
1095 3391 1134 3456 ad

223 3489 310 3551 sores
334 3488 440 3553 curiae
462 3489 648 3574 innisusque
670 3492 760 3556 fratri
784 3497 817 3557 et
832 3511 945 3558 manus
960 3515 997 3558 ac
1013 3497 1133 3581 suppli-
