2444 4010
278 314 316 354 aa
329 315 455 355 nxcnssu
469 315 534 356 mvr
547 314 673 356 anousrr
686 316 718 355 rv
732 314 816 356 ar-ao.
946 295 1002 368 179

91 493 133 538 ex
165 473 266 538 servis
298 474 478 558 quaesitum
505 480 547 545 vat
578 476 723 559 quaestio
758 473 894 540 adversa
924 477 1000 542 filie.

91 577 146 662 qui
168 577 292 642 scelere
314 598 458 659 vaecors,
482 579 576 642 simul
599 578 689 661 vulgi
710 598 838 643 rumore
862 579 1002 664 territus,

90 682 190 749 robur
221 691 254 748 et
283 706 397 748 saxum
426 692 482 749 aut
502 684 732 769 parricidarum
760 705 883 768 poenas
909 685 1001 749 mini-

89 788 245 871 tantium,
274 790 370 853 cessit
393 789 483 854 urbe.
527 810 565 854 ac
586 794 744 854 retractus
765 788 922 853 Ravenna
944 809 1002 853 cx·
1012 807 1038 849 10

90 893 182 978 sequi
205 893 443 958 accusationem
467 893 624 978 adigitur,
655 914 720 958 non
744 893 925 957 occultante
948 893 1002 956 Ti-

88 995 181 1060 berio
213 1002 307 1061 vetus
338 997 450 1062 edium
482 997 652 1062 adversum
682 997 812 1062 exulem
835 997 1001 1062 Serenum.

87 1123 163 1166 nam
182 1110 257 1186 post
277 1103 461 1169 damnatum
476 1103 635 1168 Libonem
652 1102 757 1166 missis
772 1103 813 1166 ad
832 1101 1002 1167 ansarem

87 1206 206 1270 litteris
229 1207 482 1291 exprobraverat
507 1229 600 1272 suum
621 1212 747 1272 tantum
770 1206 910 1271 studium
933 1206 1001 1270 sine

88 1308 197 1374 fructu
219 1309 316 1375 fluisse
344 1309 577 1396 addideratque
601 1311 759 1396 quaedam
781 1312 1001 1376 contumacius
1012 1336 1038 1373 15

89 1437 188 1500 quam
216 1422 321 1481 tutum
350 1415 436 1501 apud
466 1437 560 1480 aures
592 1416 746 1500 superbas
769 1423 803 1480 et
833 1415 1002 1480 offensioni

89 1519 270 1602 proniores.
315 1540 355 1584 ea
378 1520 499 1585 Caesar
529 1527 601 1584 octo
634 1527 709 1604 post
738 1540 839 1586 anuos
868 1520 1001 1602 rettulit,

89 1622 234 1686 medium
257 1629 385 1709 tempus
404 1625 493 1688 varie
515 1643 662 1706 arguens,
686 1624 783 1687 etiam
799 1623 825 1687 si
841 1628 1002 1687 tormenta

89 1725 274 1811 pervicacia
295 1749 462 1792 servorum
484 1734 596 1792 contra
618 1727 809 1792 evenissent.

156 1830 209 1894 30.
239 1829 343 1895 Dictis
375 1830 450 1894 dein
482 1831 650 1896 sententiis
679 1838 715 1894 ut
741 1830 882 1895 Serenus
911 1852 1001 1895 more

90 1933 250 1998 maiorum
272 1935 448 2018 puniretur,
472 1956 534 2020 quo
559 1935 699 2000 molliret
716 1935 879 2019 invidiam,
902 1936 1000 2000 inter·

91 2038 199 2103 cessit.
246 2037 357 2103 Gallus
379 2037 512 2104 Asinius
536 2038 645 2122 Gyaro
676 2046 732 2103 aut
752 2039 888 2104 Donusa
914 2039 1000 2104 clau·

91 2143 235 2226 dendum
252 2150 377 2209 censat:
401 2144 435 2208 id
451 2165 579 2229 quoque
598 2150 786 2229 aspernatus
802 2151 851 2208 est
866 2163 1002 2226 egenam

91 2269 194 2333 aquae
216 2254 383 2333 utramque
398 2249 537 2313 insulam
552 2248 695 2313 referens
713 2248 899 2333 dandosque
914 2248 1023 2311 vitaer

89 2374 167 2419 usus
189 2352 239 2418 cui
253 2353 320 2418 vita
335 2352 577 2419 concederetur.
606 2355 652 2417 ita
667 2353 806 2418 Serenus
820 2351 1002 2436 Amorgum

89 2461 283 2541 reportatur.
335 2465 368 2522 ct
398 2460 473 2542 quia
505 2457 667 2524 Cornutus
699 2480 757 2523 sua
788 2479 885 2522 manu
918 2459 1000 2523 ceci-

90 2561 192 2643 derat,
215 2565 322 2625 actum
345 2560 386 2625 de
408 2563 561 2647 praemiis
581 2569 803 2627 accusatorum
822 2563 1001 2645 abolendis,

91 2665 191 2750 siquis
220 2665 395 2730 maiestatis
424 2665 608 2750 postulatus
639 2672 713 2730 ante
741 2665 923 2751 perfectum
952 2665 1000 2728 iu-

91 2769 211 2834 dicium
233 2788 267 2834 se
285 2769 355 2853 ipse
377 2770 444 2834 vita
458 2770 658 2854 privavissct.
695 2770 866 2854 ibaturque
881 2769 915 2834 in
932 2788 1038 2834 eamrc

89 2873 295 2952 sententiam,
319 2875 353 2938 ni
371 2874 481 2939 dumus
504 2881 679 2960 contraque
695 2897 819 2940 morem
837 2896 930 2939 suum
946 2895 1001 2959 pa-

88 2980 155 3044 lam
181 2978 299 3043 ansar
319 2978 431 3042 inritas
453 2978 554 3062 leges,
576 3001 646 3044 rem
669 2980 831 3066 publicam
854 2980 887 3042 in
909 3000 1002 3063 prae-

89 3082 181 3168 cipiti
204 3089 399 3167 conquestus
422 3089 525 3148 esset:
554 3084 780 3150 subverterent
801 3085 908 3170 potius
932 3085 1003 3148 iura

89 3207 187 3272 quam
210 3186 361 3284 custodes
384 3206 498 3250 eorum
520 3195 719 3253 amoverent.
760 3189 806 3252 sic
829 3188 1001 3271 delatores,

88 3312 193 3376 genus
205 3290 371 3355 hominum
382 3291 512 3376 publico
529 3292 630 3356 exitio
643 3297 818 3377 repertum,
834 3312 875 3355 ne
887 3293 1002 3375 poenis
1011 3319 1038 3359 15

89 3394 223 3480 quidem
238 3406 389 3480 umquam
412 3396 490 3461 satis
506 3397 690 3479 coercitum,
712 3416 772 3480 par
786 3397 930 3481 praemia
945 3397 1002 3461 eli·

90 3499 268 3564 ciebantm.
293 3495 296 3502 '
