2444 4010
228 305 283 363 126
558 313 695 353 acaunum
709 315 807 354 rncrrr

225 471 356 555 bellum,
379 471 434 537 ubi
456 472 640 557 instaretur,
664 473 782 538 cedens
805 496 843 539 ac
857 495 985 540 rursum
1000 477 1032 541 in
1046 483 1125 565 terga

226 597 385 642 remeans.
426 582 459 642 et
482 577 558 642 dum
582 599 621 642 ea
644 577 725 642 ratio
749 577 886 643 barbaro
908 579 985 662 fuit,
1008 580 1125 643 inritum

226 682 411 780 fessumque
426 681 609 747 Romanum
631 683 763 768 impune
787 683 1027 750 ludificabatur:
1049 691 1125 770 post-

227 806 321 871 quam
338 785 470 851 deflexit
482 787 522 850 ad
536 787 716 851 maritimos
731 788 821 852 locos
834 786 1004 872 (inligatus
1018 787 1127 873 praeda

192 889 349 954 costativis
366 890 478 954 castris
496 890 719 974 adhaerebat),
743 891 842 956 missu
860 893 961 977 patris
976 891 1126 978 Apronius
1208 875 1209 944 l

228 995 404 1060 Caesianus
434 1017 506 1060 cum
539 997 648 1080 equite
678 1001 711 1060 et
741 995 928 1061 cohortibus
952 994 1127 1077 auxiliariis,

227 1100 296 1184 quis
318 1100 539 1164 velocissimos
561 1101 728 1186 legionum
747 1100 927 1178 addiderat,
949 1119 1127 1186 prosperam

227 1203 398 1269 adversum
428 1203 587 1269 Numidas
625 1225 768 1291 pugnam
806 1205 883 1270 facit
915 1206 1071 1291 pellitque
1100 1204 1128 1268 in

227 1305 365 1371 deserta

291 1411 343 1477 25.
375 1410 529 1476 Relatum
550 1412 627 1476 dein
650 1412 691 1476 de
713 1413 913 1478 moderanda
934 1413 1037 1499 Papia
1051 1415 1130 1499 Pop·

226 1536 324 1600 paea,
357 1538 451 1602 quam
483 1518 593 1582 senior
613 1517 782 1604 Augustus
813 1525 888 1603 post
916 1517 1018 1582 Iulias
1045 1539 1132 1603 roga·

226 1622 332 1685 tiones
370 1623 543 1688 incitandis
575 1622 734 1688 caelibum
771 1621 885 1708 poenis
923 1630 957 1686 et
987 1621 1131 1707 augendo

226 1726 350 1791 aerario
375 1735 536 1791 sanxerat.
581 1747 655 1790 nam
684 1727 856 1791 multitudo
886 1725 1133 1810 periclitantium

85 1883 95 1898 .
204 1829 401 1914 egliscebat,
433 1851 505 1894 cum
541 1831 643 1894 omnis
679 1829 794 1894 domus
826 1830 1007 1894 delatorum
1039 1830 1133 1893 inter·
1209 1883 1210 1912 ,

225 1935 458 2019 prolationibus
474 1934 716 2000 subverteretur
729 1941 829 2022 utque
846 1936 983 2001 antehac
997 1935 1133 2019 flagitiis,

225 2039 271 2102 ita
291 2045 367 2103 tunc
389 2038 516 2124 legibus
534 2039 751 2104 laborabatur.
793 2059 831 2104 ea
852 2061 904 2105 res
926 2038 1082 2104 admonet
1102 2046 1135 2102 ut

225 2143 265 2208 de
281 2143 446 2229 principiis
463 2143 551 2226 iuris,
575 2145 736 2230 atquibus
750 2144 857 2210 modis
873 2145 914 2209 ad
929 2147 1013 2210 hanc
1029 2144 1134 2209 multi-

223 2248 369 2316 tudinem
385 2248 539 2313 infinitam
556 2269 594 2312 ac
609 2249 799 2313 varietatem
813 2247 923 2334 legum
944 2255 1135 2333 perventum

189 2363 215 2402 1⁰
224 2352 275 2434 sit,
297 2352 392 2415 altius
416 2351 580 2417 disseram.

288 2457 341 2520 26.
375 2455 596 2521 Vetustissimi
611 2458 804 2540 mortalium,
827 2459 916 2523 nulla
930 2458 1036 2523 adhuc
1052 2458 1137 2522 mala

223 2558 374 2640 libidine,
403 2559 472 2624 sine
500 2561 619 2645 probro
650 2564 773 2627 scelere
803 2583 907 2648 coque
938 2563 1007 2627 sine
1030 2585 1137 2648 poena
1210 2549 1211 2556 ἵ

224 2670 279 2728 aut
294 2663 542 2729 coercitionibus
562 2665 713 2748 agebant.
751 2687 856 2751 neque
879 2665 1032 2750 praemiis
1057 2687 1137 2751 opus

224 2775 302 2850 erat,
325 2789 397 2833 cum
420 2770 559 2833 honesta
581 2776 697 2855 suopte
719 2768 851 2852 ingenio
874 2774 1081 2854 peterentur,
1105 2775 1138 2834 et

201 2873 278 2937 cubi
293 2873 373 2938 nihil
389 2880 500 2938 contra
514 2887 639 2937 morem
654 2879 820 2959 cuperent,
841 2873 923 2938 nihil
939 2879 1138 2957 permotum

223 2978 423 3043 vetabantur.
471 2985 503 3044 at
525 2986 698 3063 postquam
721 2978 797 3043 exui
821 2977 998 3062 aequalitas
1022 2983 1056 3042 et
1078 2999 1138 3063 pro

222 3081 384 3148 modestia
414 3103 450 3147 ac
482 3082 608 3167 pudore
643 3082 775 3147 ambitio
812 3088 845 3148 et
875 3081 925 3146 vis
953 3081 1139 3165 incedebat,

222 3207 403 3271 provenere
427 3185 663 3251 dominationes
681 3188 865 3271 multosque
888 3185 974 3272 apud
996 3187 1140 3270 populos

223 3297 391 3355 aeternum
412 3309 572 3354 mansere.
611 3289 740 3374 quidam
763 3290 871 3356 statim
888 3296 943 3354 aut
964 3296 1140 3374 postquam

188 3415 336 3480 mregum
359 3398 543 3480 pertaesum
558 3395 649 3478 leges
665 3395 858 3475 maluerunt,
881 3393 985 3478 primo
1001 3393 1142 3458 rudibus

222 3498 389 3563 hominum
404 3499 517 3564 animis
533 3499 709 3584 simplices3
728 3499 933 3583 maximeque
948 3495 1035 3562 fama
1051 3497 1140 3563 cele-
