2444 4010
231 302 287 361 160
559 309 699 349 CORNELII
712 309 811 349 raom

231 471 333 555 prima
354 469 485 535 iuventa
509 467 627 532 Gaium
646 467 821 532 Caesarem
844 468 910 532 divi
926 466 1072 552 Augusti
1092 487 1146 531 ne·

230 581 341 658 potem
368 578 506 638 sectatus
533 593 613 636 mox
633 571 800 636 Tiberium
826 572 924 636 variis
946 571 1071 636 artibus
1094 571 1147 636 de·

229 678 342 758 vinxit,
366 674 447 740 adeo
471 681 508 738 ut
531 675 703 741 obscurum
724 674 899 740 adversum
920 675 1003 740 alios
1019 675 1084 739 sibi
1097 675 1148 739 uni

230 783 391 846 incautum
414 780 635 863 intectumque
658 780 811 862 efficeret,
834 780 901 843 don
921 787 989 844 tam
1003 780 1148 845 sollertia

196 906 325 972 mquam
356 884 454 948 deum
484 885 533 948 ira
565 884 598 947 in
626 905 695 948 rem
723 882 923 966 Romanam,
959 883 1052 947 cuius
1082 883 1148 969 pari

231 992 331 1056 exitio
355 991 457 1076 viguit
476 989 667 1073 ceciditque.
705 1009 823 1073 corpus
838 989 886 1052 illi
901 988 1053 1054 laborum
1069 989 1149 1054 tole-

230 1115 314 1175 rans,
337 1094 462 1157 animus
484 1093 606 1175 audax3
629 1093 680 1157 sui
703 1093 873 1177 obtegens,
896 1093 930 1159 in
946 1093 1029 1158 alios
1046 1095 1149 1158 crimi-

232 1204 341 1279 nator3
371 1197 461 1263 iuxta
491 1197 634 1264 adulatio
665 1204 698 1263 et
727 1201 895 1285 superbia3
924 1200 1036 1284 palam
1067 1221 1152 1265 com·

232 1304 356 1388 positus
379 1303 494 1388 pudor,
517 1304 601 1368 intus
624 1325 749 1368 summa
768 1305 934 1390 apiscendi
950 1303 1053 1368 libido
1072 1306 1153 1370 eius·

200 1428 296 1491 acque
325 1427 420 1472 causa
448 1408 547 1475 modo
577 1409 705 1492 largitio
737 1415 771 1474 et
799 1409 913 1491 luxus,
945 1409 1078 1494 saepius
1107 1408 1151 1471 in·

234 1510 355 1575 dustria
376 1533 414 1576 ac
429 1512 603 1596 vigilantia,
625 1511 713 1576 haud
727 1513 834 1578 minus
848 1512 979 1594 noxiae,
1002 1514 1152 1597 quotiens

234 1613 378 1700 parando
402 1635 503 1699 regno
526 1616 700 1698 finguntur.

299 1720 330 1782 2.
360 1719 437 1782 Vim
464 1720 685 1802 praefecturae
708 1719 871 1784 modicam
895 1725 992 1784 antea
1015 1719 1152 1785 intendit

238 1823 398 1907 dispersas
420 1844 479 1908 per
500 1824 614 1888 urbem
638 1823 787 1888 cohortes
809 1845 875 1889 una
897 1824 930 1888 in
953 1829 1060 1888 castra
1080 1845 1153 1890 con·
1216 1887 1217 1890 ,

238 1926 395 2009 ducendo,
418 1931 453 1990 ut
476 1926 571 1991 simul
593 1927 729 2010 imperia
751 1927 937 2011 acciperent
952 1946 1153 2011 numeroque
1216 1901 1217 1977 i

238 2037 271 2095 et
292 2029 409 2096 robore
432 2036 466 2095 et
487 2032 558 2095 visu
580 2031 664 2096 inter
682 2052 717 2095 se
732 2029 852 2096 fiducia
866 2032 956 2115 ipsis,
980 2033 1014 2097 in
1029 2039 1154 2096 ceteros

215 2139 342 2201 ametus
376 2141 531 2199 oreretur.
576 2135 810 2220 praetendebat
840 2136 989 2201 lascivire
1018 2137 1154 2202 militem

239 2239 419 2321 diductum3
443 2239 548 2323 siquid
571 2239 712 2304 subitum
729 2240 868 2324 ingruat,
891 2241 1016 2305 maiore·
1031 2242 1153 2306 auxilio
1215 2275 1216 2330 p

238 2343 358 2429 pariter
380 2343 559 2424 subveniri3
589 2350 622 2407 et
645 2344 788 2408 severius
810 2351 953 2427 acturos,
984 2346 1011 2408 si
1034 2345 1153 2409 vallum
1215 2333 1216 2345 ¹

239 2455 396 2513 statuatur
418 2450 531 2534 procul
549 2449 637 2514 urbis
652 2447 833 2514 inlecebris.
871 2454 907 2512 ut
922 2449 1068 2533 perfecta
1084 2455 1154 2514 sunt

240 2560 357 2636 castra,
389 2555 538 2639 inrepere
568 2554 722 2639 paulatim
751 2553 908 2618 militares
938 2553 1066 2618 animos
1100 2551 1153 2617 ad·

205 2687 230 2727 10
241 2658 346 2724 eundo
376 2659 587 2743 appelland03
618 2659 821 2723 centuriones
850 2679 887 2722 ac
914 2659 1062 2723 tribunos
1087 2658 1152 2744 ipse

240 2764 394 2848 deligere.
424 2784 530 2849 neque
546 2764 706 2829 senatorio
723 2763 846 2828 ambitu
861 2761 1043 2827 abstinebat
1059 2763 1153 2827 clien-

240 2876 289 2934 tes
319 2891 393 2936 suos
415 2870 590 2950 honoribus
613 2876 668 2934 aut
690 2869 863 2955 provinciis
887 2867 1040 2946 ornandi,
1071 2867 1153 2932 facili

240 2973 369 3038 Tiberio
393 2979 489 3057 atque
512 2975 557 3037 ita
579 2994 693 3058 prono,
715 2980 752 3038 ut
775 2974 897 3037 socium
920 2973 1071 3036 laborum
1091 2991 1152 3036 non

242 3077 339 3141 modo
362 3079 395 3141 in
418 3078 619 3142 sermonibus
641 3077 699 3142 sed
722 3077 808 3163 apud
824 3083 933 3163 patres
949 3083 982 3142 et
997 3075 1152 3162 populum
1213 3063 1214 3077 ¹

207 3209 232 3250 15
241 3182 420 3246 celebraret
443 3181 570 3265 colique
592 3201 651 3266 per
665 3181 793 3245 theatra
814 3190 848 3246 et
862 3182 932 3247 fora
947 3181 1073 3264 effigies
1088 3179 1152 3243 eius

241 3287 388 3369 interque
410 3285 567 3369 principia
589 3285 755 3368 legionum
778 3285 909 3349 sineret.

308 3390 337 3451 3.
371 3388 523 3452 Ceterum
551 3389 648 3470 plena
671 3387 846 3454 Caesarum
870 3389 1001 3471 domus,
1030 3385 1151 3452 iuvenis
1212 3357 1213 3445 i

242 3491 335 3574 filius,
350 3500 485 3575 nepotes
498 3492 599 3556 adulti
612 3513 736 3556 moram
749 3493 864 3577 cupitis
876 3492 1079 3558 adferebant:
1092 3510 1152 3554 una
