2444 4010
232 312 288 370 178
560 317 813 359 oounmnrnonrr

230 477 371 544 maxime
390 475 646 542 eoniurationem
663 477 800 544 disiecit.
828 477 1010 562 missusque
1023 498 1043 541 a
1057 475 1139 540 Cae-

229 601 302 646 sare
331 601 471 667 propere
491 581 599 648 Staius
629 581 777 646 tribunus
804 603 880 648 oum
907 581 1016 646 talida
1043 601 1141 644 manu

230 685 347 752 duoem
361 685 466 770 ipsum
481 693 515 751 et
528 687 695 771 proximos
706 687 844 752 andaoia
857 688 892 752 in
901 687 1018 750 urbem
1031 685 1143 766 traxit,

196 792 294 856 uiam
315 789 476 877 trepidam
499 790 542 856 ob
563 791 805 856 multitudinem
826 791 1034 871 familiarum,
1059 810 1145 876 quse

227 894 386 980 gliscebat
399 895 589 976 inmensum,
604 895 730 960 minore
745 896 778 960 in
792 895 863 958 dies
877 894 976 979 plebe
989 894 1147 979 ingenua.

292 999 346 1064 28.
377 998 487 1064 Isdem
509 998 695 1064 oonsulibus
712 1000 918 1064 miseriarum
931 1019 971 1063 ae
984 998 1147 1063 meritiae

228 1102 415 1186 exemplum
447 1109 561 1181 atrox,
594 1125 670 1168 rens
704 1109 816 1188 pater,
852 1108 1024 1168 aeensstor
1058 1102 1146 1168 filins

228 1203 362 1286 (nomen
383 1207 511 1291 utrique
533 1206 650 1272 Vibius
671 1205 829 1287 Serenus)
859 1207 895 1272 in
919 1211 1072 1272 senatum
1095 1210 1144 1272 in-

227 1307 332 1374 ducti:
355 1309 396 1374 ab
418 1310 518 1374 exibo
540 1317 699 1375 rebantur
720 1311 906 1396 inluvieque
929 1333 968 1376 ao
990 1313 1143 1396 squalore

207 1412 351 1480 tobsitns
373 1421 407 1479 et
429 1423 543 1480 eatena
557 1415 684 1480 vinetus
699 1436 827 1500 paens,
849 1415 1043 1482 adulesoens
1059 1415 1143 1480 mul-

227 1519 268 1584 tis
289 1518 472 1600 munditiis,
500 1521 598 1584 alaori
620 1519 727 1602 vultu,
755 1525 905 1598 ‚struatm
930 1519 1073 1604 principi
1094 1520 1142 1584 in-

227 1623 341 1706 sidias,
365 1624 479 1690 missos
502 1624 536 1688 in
559 1624 698 1690 Galliam
721 1625 905 1690 oonoitores
926 1620 1017 1688 belli‘
1037 1623 1140 1690 index

227 1729 314 1794 idem
346 1737 379 1795 et
410 1727 518 1808 testim
557 1720 817 1812 adnectebatque
849 1727 1027 1792 Caecilium
1061 1727 1142 1793 Gor-

226 1840 339 1898 uutum
370 1831 568 1916 praetorium
598 1831 828 1896 ministravisse
858 1831 1049 1916 pecuniam
1086 1833 1141 1917 qui

192 1937 335 2002 lotaedio
366 1958 513 2002 aurarum
540 1944 590 2018 et,
627 1937 703 2020 quia
733 1936 914 2020 perieulum
942 1956 1004 2020 pro
1035 1937 1139 2001 exitio

225 2041 423 2123 habebatur,
450 2046 589 2106 mortem
617 2040 653 2105 in
680 2062 715 2106 se
743 2040 918 2106 festinarit
962 2048 997 2105 at
1024 2047 1140 2106 eontra

225 2167 300 2211 reus
314 2145 394 2212 nihil
414 2145 550 2211 infracto
566 2145 674 2210 animo
692 2145 848 2212 obversus
863 2153 1000 2232 quatere
1021 2145 1138 2228 vinela,

224 2271 342 2316 vocare
371 2251 494 2315 ultores
521 2249 615 2331 deos,
644 2255 680 2313 ut
710 2249 772 2314 sibi
800 2249 933 2334 quidem
960 2248 1137 2314 redderent

225 2355 368 2436 exilium,
389 2353 445 2419 ubi
460 2353 573 2438 prooul
588 2354 644 2418 tali
658 2373 751 2418 more
766 2363 890 2440 ageret,
908 2354 1011 2420 filium
1025 2361 1135 2420 autem

191 2458 418 2544 aequandaque
449 2457 607 2544 supplioia
637 2464 862 2544 sequerentur.
906 2457 1135 2524 adseverabat·

224 2584 287 2650 que
310 2563 516 2630 innocentem
532 2562 712 2628 cornutum
734 2569 767 2628 et
781 2563 923 2648 paralysi
938 2563 1133 2642 extinotum3
1216 2549 1217 2578 ³

224 2667 322 2754 idque
338 2667 432 2733 laoile
446 2666 629 2750 intellectu3
647 2665 865 2751 proderentur
879 2666 949 2732 alii:
967 2667 1132 2732 nonenim

223 2792 259 2838 se
293 2771 428 2840 eaedem
462 2772 615 2857 principis
650 2778 684 2838 et
716 2793 768 2838 res
804 2792 906 2838 novas
942 2792 1007 2836 nno
1044 2771 1131 2836 soeio

224 2877 395 2962 cogitasse.

290 2982 342 3046 29.
372 2980 456 3046 Tum
483 2987 651 3047 aoousator
680 2979 738 3044 On.
762 2979 937 3046 Lentulum
965 2987 999 3046 et
1024 2981 1131 3047 Seium

222 3086 429 3152 Tuberonem
444 3085 598 3167 nominat,
615 3105 734 3169 magno
750 3082 875 3169 pudore
888 3083 1046 3168 Caesaris,
1062 3105 1131 3150 oum

223 3190 381 3277 primores
404 3187 558 3270 civitatis,
586 3188 691 3254 intimi
713 3188 813 3272 ipsius
836 3187 947 3270 amini,
975 3187 1129 3256 Lentulus

223 3293 399 3360 senectutis
422 3299 600 3374 extremae,
622 3291 751 3358 Tubero
767 3291 895 3358 deleoto
913 3313 1060 3379 corpore,
1080 3301 1129 3360 tu·

203 3398 343 3463 tmultus
360 3397 487 3462 hostilis
505 3405 538 3462 et
556 3396 734 3462 turbandae
751 3398 802 3463 rei
819 3396 970 3482 publicae
987 3419 1129 3466 aoesrse·

225 3505 345 3566 rentur.
377 3501 436 3566 sed
453 3501 486 3564 hi
502 3500 633 3586 quidem
649 3501 756 3566 statim
774 3503 936 3586 exempti:
958 3503 993 3568 in
1007 3510 1128 3588 patrem
