2482 4014
218 285 274 343 190
549 291 688 332 conanum
701 291 799 332 raeiri

214 447 348 534 ponuesi
360 450 524 533 protulere
534 470 657 534 suoque
666 449 738 532 regi
747 448 989 515 Denthaliatem
1000 469 1128 534 agrum,

180 574 205 614 ιο
214 553 247 618 in
262 574 325 638 quo
348 551 382 616 id
398 552 577 635 delubrum,
602 553 751 634 cessisse;
776 553 1037 638 monimentaque
1055 553 1130 618 eius
1225 529 1226 604 i

214 658 261 723 rei
291 658 416 742 sculpta
444 658 529 722 saxis
560 664 592 722 et
615 679 689 723 aere
720 658 826 742 prisco
851 679 991 723 manere.
1036 656 1131 742 quod
1225 687 1226 690 ¹

214 762 241 826 si
263 768 373 828 vatum
388 762 550 828 annalium
573 762 615 826 ad
630 763 814 828 testimonia
829 768 994 844 vocentur,
1014 762 1130 846 plures
1225 745 1226 778 ³

214 867 274 932 sibi
297 888 334 932 ac
355 867 584 951 locupletiores
608 889 692 949 csse,
722 888 827 952 neque
850 868 1036 953 Philippum
1058 888 1129 951 -po-

213 971 315 1036 tentia
334 971 391 1036 sed
410 992 452 1035 ex
467 993 544 1036 vero
562 971 726 1036 statuisse:
751 970 838 1035 idem
854 971 940 1055 regis
954 970 1128 1054 Antigoni,

178 1073 302 1138 midam
325 1075 529 1159 imperatoris
550 1075 698 1140 Mummii
719 1074 888 1157 iudicium;
912 1075 957 1139 sic
979 1075 1130 1140 Milesios
1225 1069 1226 1126 Ῐ

213 1178 370 1262 permisso
394 1180 523 1262 publice
547 1179 689 1262 arbitrio,
712 1186 876 1264 postremo
893 1179 1039 1244 Atidium
1056 1178 1129 1244 Ge-

212 1283 334 1347 minum
357 1289 540 1367 praetorem
555 1283 698 1348 Achaiae
718 1283 910 1349 decrevisse.
949 1285 994 1349 ita
1009 1303 1128 1347 secun·

213 1387 291 1451 dum
311 1386 491 1450 Messenios
515 1386 635 1450 datum.
678 1392 710 1452 et
730 1387 900 1470 Segestani
922 1387 1038 1452 aedem
1055 1386 1127 1452 Ve-
1225 1411 1226 1440 r

211 1491 297 1556 neris
321 1496 466 1556 montem
495 1490 581 1576 apud
603 1491 745 1574 Erycum
773 1497 934 1555 vetustate
965 1491 1127 1576 dilapsam
1225 1535 1226 1550 .

178 1595 383 1660 rorostaurari
405 1595 627 1678 postulavere,
649 1601 727 1660 nota
749 1602 966 1660 memorantes
992 1594 1032 1660 de
1056 1596 1122 1659 ori·
1225 1605 1226 1658 l

212 1700 286 1785 gine
310 1700 379 1764 eius
402 1705 435 1765 et
456 1700 542 1764 laeta
556 1699 696 1764 Tiberio.
731 1701 872 1784 suscepit
891 1719 1001 1763 curam
1015 1699 1122 1764 libens

212 1812 248 1870 ut
277 1806 543 1889 consanguineus.
587 1810 663 1870 tuuc
691 1810 847 1870 tractatae
873 1803 1125 1868 Massiliensium
1225 1793 1226 1870 i

214 1931 325 1996 preces
347 1910 581 1995 probatumque
604 1910 642 1974 P.
664 1909 777 1973 Rutilii
799 1907 1000 1992 exemplum3
1030 1929 1123 1972 nam·
1225 1947 1226 1952 κ

214 2033 276 2099 que
308 2035 382 2078 eum
411 2013 538 2096 legibus
570 2014 699 2098 pulsum
731 2013 834 2078 civem
865 2012 925 2075 sibi
953 2011 1127 2096 Zmyrnaei
1225 2047 1226 2050 ¹

179 2139 205 2180 as
213 2117 413 2182 addiderant.
451 2138 514 2201 quo
538 2117 607 2182 iure
625 2116 793 2180 Vulcatius
815 2115 968 2180 Moschus
992 2116 1071 2179 exul
1094 2117 1126 2181 in

214 2221 429 2288 Massilienses
445 2226 594 2307 receptus
609 2220 695 2284 bona
710 2241 768 2284 sua
782 2220 830 2285 rei
845 2219 992 2305 publicae
1010 2239 1125 2284 eorum
1225 2295 1226 2300 γ

215 2334 250 2390 ut
273 2326 395 2410 patriae
417 2325 602 2409 reliquerat.

279 2431 330 2492 44.
359 2427 477 2494 Obiere
501 2450 540 2494 eo
560 2450 644 2493 anno
668 2429 729 2494 viri
746 2429 872 2492 nobiles
892 2428 951 2493 On.
966 2427 1126 2494 Lentulus

215 2537 247 2598 et
278 2533 314 2597 L.
344 2533 516 2597 Domitius.
560 2532 699 2619 Lentulo
732 2553 827 2616 super
860 2532 1062 2597 consulatum
1095 2539 1127 2597 et
1225 2621 1226 2630 ἵ

215 2636 420 2722 triumphalia
449 2636 490 2701 dc
515 2636 606 2702 Getis
633 2638 757 2720 gloriae
778 2638 863 2702 bene
885 2639 1023 2702 tolerata
1045 2659 1124 2722 pau-

215 2747 340 2827 pertas,
373 2741 448 2806 dcin
477 2764 613 2828 magnae
645 2763 724 2827 opes
746 2744 935 2807 innocenter
957 2748 1071 2828 partae
1094 2751 1126 2807 et
1225 2815 1226 2818 Ἴ

194 2847 364 2912 amodeste
386 2847 525 2912 habitae.
569 2847 749 2912 Domitium
772 2847 938 2912 decoravit
965 2855 1059 2932 pater
1084 2847 1126 2911 ci·

215 2951 271 3016 vili
292 2950 379 3015 bello
402 2951 500 3014 maris
520 2957 652 3036 potens,
685 2951 790 3015 donec
812 2951 948 3016 Antonii
971 2952 1127 3036 partibus,

215 3077 294 3120 mox
324 3055 471 3120 Caesaris
499 3055 698 3121 misceretur.
743 3077 822 3122 arus
844 3056 1030 3120 Pharsalica
1057 3057 1126 3120 acie

215 3181 273 3244 pro
288 3160 505 3243 optumatibus
518 3158 687 3225 ceciderat.
712 3160 782 3246 ipse
795 3159 940 3226 delectus
953 3159 1005 3223 cui
1016 3159 1122 3225 minor

214 3263 368 3344 Antonia,
390 3263 525 3328 Octavia
539 3265 660 3349 genita,
682 3265 715 3330 in
730 3265 968 3330 matrimonium
985 3262 1127 3346 daretur,

182 3393 207 3432 10
216 3376 289 3450 post
312 3369 457 3433 exercitu
478 3369 596 3434 flumen
618 3369 729 3434 Albim
751 3369 964 3452 transcendit,
996 3369 1126 3453 longius

217 3478 385 3551 penetrata
423 3470 596 3536 Germania
632 3494 728 3557 quam
768 3474 934 3558 quisquam
970 3474 1126 3557 priorum,
1225 3539 1226 3542 ,
