2444 4010
300 288 337 327 ss
351 287 477 328 excussu
491 287 555 326 nrvr
569 285 696 326 sususvr
708 286 743 325 111
756 285 840 325 os-sa.
969 278 1023 336 147

114 448 227 531 positis
249 448 359 530 bellis,
391 447 618 532 triumphalem
642 454 675 510 et
696 445 746 510 bis
770 439 935 510 consulem
957 443 1026 508 noti

114 551 232 616 laboris
255 551 444 636 participem
466 552 558 624 sumi.

179 657 232 720 57.
271 657 510 741 Praeceperant
547 655 660 722 animis
697 654 874 719 orationem
906 659 1024 738 patres,

115 782 178 845 quo
199 761 375 844 quaesitior
391 761 545 825 adulatio.
579 782 640 826 nec
657 765 765 825 tamen
783 763 947 844 repertum
966 759 1027 824 nisi

114 872 149 928 ut
173 865 296 948 effigies
318 866 509 951 principum,
533 887 603 930 aras
620 866 725 946 deum,
748 865 869 950 templa
884 870 919 928 et
936 885 1027 928 arcus

114 969 241 1053 aliaque
272 971 367 1034 solita
399 975 584 1051 censerent3
616 971 661 1036 M.
686 970 813 1035 Silanus
843 991 885 1034 ex
914 973 1027 1032 contu-

115 1073 213 1138 melia
227 1073 411 1138 consulatus
427 1074 586 1138 honorem
596 1073 793 1158 principibus
805 1073 919 1158 petivit
931 1071 1048 1136 dixit-s

116 1198 179 1261 que
209 1197 268 1261 pro
299 1177 474 1256 sententia,
503 1183 539 1241 ut
568 1177 704 1262 publicis
727 1177 901 1262 privatisve
924 1174 1028 1241 moni-

114 1281 232 1345 mentis
263 1280 304 1346 ad
333 1281 520 1345 memoriam
551 1289 733 1366 temporum
763 1303 829 1346 non
862 1281 1029 1346 consulum

115 1384 248 1448 nomina
276 1384 572 1468 praescriberentur
600 1386 659 1451 sed
685 1407 797 1451 eorum
819 1386 874 1470 qui
896 1385 1029 1451 tribuni-

117 1487 200 1551 ciam
226 1492 423 1572 potestatem
453 1498 614 1573 gererent.
659 1496 692 1554 at
715 1490 754 1565 Q.
777 1490 933 1555 Haterius
957 1513 1030 1556 cum

117 1593 187 1656 eius
220 1590 285 1655 diei
307 1597 437 1656 senatus
462 1594 608 1658 consulta
629 1594 734 1658 aureis
762 1595 877 1661 litteris
900 1593 1066 1678 figendam

116 1695 150 1760 in
181 1695 269 1758 curia
300 1697 492 1779 censuisset,
526 1697 702 1762 deridiculo
737 1698 797 1762 fuit
828 1719 929 1763 senex
959 1698 1028 1762 foe·

119 1799 270 1865 dissimae
294 1801 489 1866 adulationis
511 1810 635 1867 tantum
658 1802 787 1867 infamia
809 1823 934 1867 usurus.

186 1904 237 1966 58.
268 1903 358 1968 Inter
381 1926 463 1989 quae
488 1907 650 1988 provincia
670 1905 780 1972 Africa
801 1907 896 1972 Iunio
912 1907 1029 1973 Blaeso

117 2015 302 2094 prorogata,
326 2009 456 2074 Servius
478 2011 710 2094 Maluginensis
732 2012 848 2075 flamen
870 2011 972 2074 Dialis
995 2016 1031 2074 ut

117 2113 232 2177 Asiam
255 2121 341 2178 sorte
371 2115 507 2179 haberet
530 2115 704 2199 postulavit
726 2115 844 2178 frustra
864 2114 1032 2199 vulgatum

119 2217 272 2281 dictitans
293 2238 359 2281 non
382 2218 479 2282 licere
502 2218 650 2283 Dialibus
673 2219 786 2300 egredi
808 2217 905 2284 Italia
926 2241 1031 2305 neque

119 2321 209 2386 aliud
230 2322 279 2385 ius
304 2343 397 2386 suum
420 2343 515 2407 quam
537 2322 733 2388 Martialium
756 2322 1055 2408 Quirinaliumques

118 2427 298 2491 flaminum:
322 2449 433 2513 porro,
458 2429 485 2492 si
507 2427 541 2492 hi
567 2428 734 2492 duxissent
756 2429 953 2513 provincias,
978 2448 1034 2492 eur

119 2531 268 2596 Dialibus
297 2531 331 2595 id
360 2532 519 2597 vetitum?
557 2532 646 2597 nulla
676 2532 716 2596 de
746 2553 785 2596 eo
809 2533 921 2617 populi
945 2533 1033 2614 scita,

120 2658 187 2701 non
205 2635 340 2700 inlibris
358 2635 624 2709 caerimoniarum
638 2635 785 2720 reperiri.
818 2657 915 2722 saepe
930 2636 1034 2721 ponti·

119 2740 198 2803 ficos
213 2739 320 2803 Dialia
339 2760 429 2803 sacra
443 2739 568 2822 fecisse,
593 2741 619 2803 si
637 2741 755 2805 flamen
775 2741 960 2806 valetudine
979 2746 1034 2804 aut

120 2865 255 2909 munere
279 2844 409 2929 publico
432 2845 653 2929 impediretur.
685 2845 825 2929 quinque
849 2851 882 2910 et
905 2850 1069 2928 septus-1⁰

118 2949 213 3033 ginta
226 2948 316 3012 aunis
328 2953 404 3034 post
415 2948 557 3014 Cornelii
567 2949 713 3015 Merulae
728 2950 861 3034 caedem
873 2949 1035 3014 neminem

120 3051 304 3133 suffectum,
319 3073 424 3136 neque
434 3057 541 3116 tamen
552 3053 725 3117 cessavisse
740 3052 924 3137 religiones.
948 3051 1036 3136 quod

120 3156 151 3220 si
172 3176 231 3241 per
252 3160 301 3219 tot
324 3177 424 3220 annos
446 3157 547 3241 possit
569 3177 634 3221 nou
651 3157 753 3222 creari
768 3156 856 3219 nullo
873 3176 1036 3219 sacrorum

123 3259 259 3342 damno,
292 3266 410 3343 quanto
441 3261 566 3325 facilius
595 3261 759 3324 afuturum
780 3259 821 3323 ad
844 3260 938 3322 unius
962 3260 1037 3324 anni

123 3364 354 3450 proconsulare
370 3363 562 3449 imperium?
581 3364 714 3448 privatis
730 3362 806 3427 olim
822 3361 1036 3427 simultatibus
1047 3386 1072 3424 15

124 3467 294 3550 ellectum,
324 3471 359 3531 ut
387 3490 407 3532 a
434 3467 636 3551 pontificibus
658 3465 805 3532 maximis
835 3467 881 3529 ire
905 3466 938 3528 iu
961 3487 1036 3552 pro·

841 3572 856 3621 9
865 3567 881 3600 ’lt
