2482 4014
248 339 306 396 202
586 341 837 382 connunrruscrm

248 509 334 585 tare,
367 502 497 587 quidam
529 502 722 566 salutatione
754 499 881 564 reddita
911 499 1018 575 statim
1048 495 1145 576 averti,

249 607 394 692 plerique
415 606 578 690 inceptum
598 625 781 670 sermonem
797 605 999 687 abrumpere,
1022 599 1145 665 sistenti·

248 713 308 775 bus
324 710 502 774 ridentibus
519 709 574 793 qui
590 708 706 774 Seiano
723 707 864 771 fautores
881 706 1024 770 aderant.
1059 704 1145 770 enim·

215 831 326 880 10vero
350 814 497 878 Tiberius
526 818 638 877 torvus
663 817 718 876 aut
739 812 856 875 falsum
877 810 1030 875 renidens
1052 811 1145 873 vultu:

249 939 307 982 seu
337 919 525 1002 loqueretur
556 937 613 980 seu
643 920 765 980 taceret
795 915 937 996 invenie,
971 915 1089 980 crimen
1115 933 1147 977 es

251 1022 395 1103 silentio,
425 1043 467 1085 ex
490 1041 581 1085 voce.
627 1041 667 1084 ne
690 1041 757 1084 nox
780 1019 910 1104 quidem
933 1041 1060 1101 secura,
1089 1037 1148 1082 cum

250 1147 334 1190 uxor
355 1124 481 1207 vigilias
505 1145 636 1188 somnos
660 1124 795 1209 suspiria
819 1125 912 1188 matri
932 1124 1044 1189 Liviae
1066 1129 1148 1206 atquc
1222 1175 1223 1190 ,

250 1231 305 1293 illa
328 1229 444 1294 Seiano
473 1230 685 1314 patefaceret,
715 1229 769 1313 qui
790 1228 923 1292 fratrem
946 1250 1074 1314 quoque
1094 1226 1149 1291 Ne·

218 1333 338 1397 aronis
360 1333 504 1397 Drusum
526 1334 626 1396 traxit
646 1333 680 1397 in
703 1338 821 1418 partes,
846 1353 902 1417 spe
928 1334 1056 1398 obiecta
1076 1331 1150 1417 prin-

252 1439 331 1522 cipis
360 1439 440 1521 loci,
470 1438 495 1500 si
525 1439 666 1522 priorem
695 1445 801 1502 aetate
831 1443 863 1504 et
884 1438 948 1502 iam
971 1437 1152 1502 labefactum

252 1542 456 1608 demovisset.
502 1547 597 1606 atrox
626 1542 724 1608 Drusi
754 1542 920 1627 ingenium
952 1563 1048 1626 super
1078 1539 1154 1624 cupi·
1223 1569 1224 1622 j

253 1646 360 1710 dinem
383 1646 549 1730 potentiae
573 1652 607 1710 et
630 1646 724 1711 solita
745 1646 895 1710 fratribus
920 1646 994 1709 odia
1010 1645 1156 1710 accende·

251 1753 345 1815 batur
373 1749 510 1833 invidia,
540 1750 628 1834 quod
656 1759 759 1813 mater
780 1749 963 1834 Agrippina
986 1749 1157 1835 promptior

218 1855 376 1919 aoNeroni
404 1862 483 1919 erat.
526 1875 631 1938 neque
661 1860 769 1919 tamen
791 1853 926 1917 Seianus
954 1853 1000 1916 ita
1022 1853 1158 1917 Drusum

251 1960 397 2042 fovebat,
428 1966 464 2024 ut
493 1980 559 2024 non
589 1960 623 2023 in
655 1980 728 2023 eum
760 1979 886 2043 quoque
917 1958 1039 2023 semina
1068 1955 1158 2024 futuri
1224 1994 1225 2018 r

252 2065 343 2130 exitii
364 2064 585 2145 meditaretur,
607 2085 725 2148 gnarus
749 2063 970 2148 praeferocem
994 2071 1027 2128 et
1042 2062 1161 2127 insidiis

251 2169 354 2252 magis
379 2173 607 2252 opportunum.

317 2274 368 2337 61.
400 2273 482 2336 Fine
506 2272 581 2337 anni
604 2293 774 2337 excessere
797 2271 938 2356 insignes
956 2272 1017 2336 viri
1032 2269 1163 2336 Asinius

253 2375 414 2460 Agrippa,
436 2375 537 2439 claris
561 2376 736 2440 maioribus
760 2397 854 2460 quam
877 2378 1012 2441 vetustis
1036 2377 1163 2461 vitaque

252 2500 317 2543 non
346 2479 504 2562 degener,
534 2486 567 2543 et
589 2479 628 2554 Q.
651 2480 821 2561 Haterius,
850 2480 970 2544 familia
995 2481 1163 2560 senatoria,

253 2583 473 2666 eloquentiae,
496 2583 603 2668 quoad
626 2583 717 2665 vixit,
742 2584 939 2648 celebratae:
970 2585 1164 2650 monimenta

232 2688 363 2770 singeni
391 2687 478 2752 haud
507 2688 642 2771 perinde
664 2688 853 2752 retinentur.
898 2690 1022 2754 scilicet
1044 2691 1165 2776 impetu

254 2791 355 2874 magis
385 2812 481 2875 quam
509 2811 585 2854 cura
607 2791 753 2874 vigebat3
783 2798 882 2876 utque
906 2793 1041 2856 aliorum
1064 2793 1164 2858 medi-

252 2895 331 2958 tatio
363 2901 396 2957 et
425 2894 516 2957 labor
545 2894 578 2956 in
601 2899 766 2978 posterum
791 2895 941 2978 valescit,
971 2896 1017 2959 sic
1040 2897 1164 2962 Haterii

253 3019 405 3062 canorum
434 2996 514 3061 illud
545 3003 578 3059 et
606 2997 768 3081 profluens
797 3019 870 3061 cum
899 3001 969 3084 ipso
994 3000 1088 3064 simul
1111 3023 1166 3065 ex·

253 3104 399 3167 tinctum.

319 3209 370 3272 62.
402 3208 445 3272 M.
475 3206 599 3271 Licinio
629 3206 666 3272 L.
698 3207 870 3292 Calpurnio
902 3207 1085 3271 consulibus
1118 3209 1165 3272 in-

254 3312 399 3393 gentium
419 3311 587 3374 bellomm·
602 3310 727 3376 cladem
750 3311 900 3394 aequavit
922 3312 1043 3374 malum
1058 3311 1165 3396 inpro-

254 3415 368 3477 visum.
414 3435 488 3478 nam
521 3423 637 3501 coepto
668 3416 753 3501 apud
777 3415 936 3480 Fidenam
965 3417 1164 3502 amphithea-

255 3522 304 3580 tro
328 3516 446 3580 Atilius
469 3519 599 3601 quidam
621 3521 762 3586 libertini
784 3521 929 3605 generis,
954 3543 1018 3606 quo
1041 3529 1165 3607 specta-
