2482 4014
669 191 680 216 t

314 310 352 348 AB
365 309 490 350 EXCESSU
504 310 568 348 DIVI
580 311 709 350 AUGUSTI
722 312 754 350 VI
768 311 851 352 12-16.
991 310 1047 366 227

135 470 299 534 diversum
329 467 467 533 tendens
500 455 569 553 ipse
606 469 765 534 cervicem
795 470 961 557 perfregit.
1016 480 1048 538 at

133 569 259 638 Rubrio
276 573 412 656 Fabato,
434 578 597 657 tamquam
615 573 795 659 desperatis
813 576 910 639 rebus
926 574 1046 640 Roma-

132 679 183 742 nis
195 679 390 743 Parthorum
405 677 447 741 ad
464 677 717 744 misericordiam
732 679 870 762 fugeret,
895 681 1046 745 custodes

132 782 245 846 additi.
273 789 423 866 repertus
446 783 532 865 apud
547 782 664 846 fretum
681 782 808 847 Siciliae
824 789 1045 870 retractusque

132 907 192 971 per
215 885 435 950 centurionem
457 886 561 950 nullas
584 888 770 971 probabiles
790 908 900 953 causas
917 891 1080 975 longia-10

132 1012 215 1075 quae
238 991 507 1076 peregrinationis
530 990 716 1056 adferebat:
741 993 857 1056 mansit
874 998 981 1058 tamen
996 995 1044 1057 in-

132 1093 277 1176 columis,
301 1094 462 1162 oblivione
486 1099 588 1179 magis
612 1117 708 1180 quam
731 1098 911 1162 clementia.

201 1201 249 1262 15.
283 1200 352 1264 Ser.
370 1200 474 1265 Galba
487 1200 524 1264 L.
550 1201 639 1265 Sulla
660 1202 844 1266 consulibus
870 1201 925 1266 diu
948 1222 1044 1285 quae·

131 1305 192 1367 sito
208 1325 288 1388 quos
304 1304 453 1388 neptibus
469 1305 601 1368 maritos
619 1305 793 1369 destinaret
810 1306 938 1389 Caesar,
954 1312 1044 1391 post·

133 1430 230 1492 quam
252 1408 391 1473 instabat
422 1408 581 1493 virginum
611 1414 714 1491 aetas,
743 1409 781 1474 L.
807 1409 968 1490 Cassium,
998 1409 1042 1476 M.

131 1512 294 1577 Vinicium
316 1513 406 1597 legit.
456 1512 585 1578 Vinicio
611 1512 808 1598 oppidanum
830 1536 950 1600 genus:
982 1515 1043 1581 Oa·

131 1617 214 1680 libus
239 1625 326 1682 ortus
349 1623 441 1702 patre
465 1624 561 1701 atque
585 1637 642 1680 avo
668 1618 906 1700 consularibus,
937 1625 1064 1684 ceterae

131 1722 273 1805 equestri
304 1721 437 1801 familia,
469 1722 556 1784 mitis
590 1722 720 1803 ingenio
754 1730 786 1786 et
818 1730 966 1805 comptae
995 1724 1042 1787 f-

131 1825 278 1890 cundiae.
325 1825 453 1890 Cassius
475 1826 595 1911 plebeii
618 1826 762 1909 generis,
785 1848 898 1891 verum
921 1828 1043 1913 antiqui

129 1931 360 2015 honoratique,
400 1936 432 1993 et
466 1951 580 1996 severa
611 1931 710 2014 patris
743 1929 911 2014 disciplina
943 1930 1040 1994 educ-

130 2043 182 2100 tus
220 2035 372 2099 facilitate
416 2056 511 2118 quam
550 2034 708 2097 industria
746 2033 1041 2098 commendabatur.

130 2139 205 2203 huic
219 2139 405 2220 Drusillam,
428 2138 555 2203 Vinicio
572 2138 689 2204 Iuliam
708 2139 899 2204 Germanico
917 2139 1043 2223 genitas
1051 2165 1076 2203 10

131 2243 296 2326 coniungit
319 2262 479 2326 superque
497 2262 536 2306 ea
557 2264 592 2306 re
616 2243 741 2306 senatui
758 2244 868 2307 scribit
883 2244 946 2308 levi
970 2264 1042 2307 cum

129 2347 253 2412 honore
277 2349 440 2411 iuvenum.
488 2344 563 2410 dein
592 2344 727 2410 redditis
751 2346 915 2412 absentiae
939 2348 1042 2411 causis

129 2452 304 2518 admodum
326 2453 417 2535 ragis
439 2452 530 2515 flexit
553 2452 595 2515 ad
617 2454 769 2536 graviora
790 2457 823 2515 et
847 2453 1042 2516 offensiones

130 2557 170 2621 ob
187 2577 256 2620 rem
277 2557 438 2640 publicam
454 2562 603 2640 acceptas
618 2561 717 2641 utque
734 2557 843 2621 Macro
860 2557 1041 2640 praelectus

128 2661 392 2744 tribunorumque
424 2666 456 2725 et
489 2661 712 2724 centurionum
740 2661 832 2742 pauci
861 2681 970 2724 secum
991 2661 1075 2726 111-11

127 2766 281 2847 troirent,
314 2765 463 2848 quotiens
493 2764 614 2828 curiam
642 2764 886 2847 ingrederetur,
916 2764 1039 2848 petivit.

126 2867 275 2952 factoque
298 2867 388 2952 large
413 2874 446 2932 et
468 2868 536 2932 aine
556 2868 809 2952 praescriptione
833 2869 962 2951 generis
986 2874 1040 2930 aut

127 2973 253 3036 numeri
284 2977 412 3036 senatus
444 2972 590 3036 consulto
614 2993 655 3036 ne
679 2972 765 3035 tecta
788 2971 918 3056 quidem
942 2972 1039 3054 urbis,

126 3075 210 3141 adeo
234 3076 397 3160 publicum
421 3075 587 3140 consilium
609 3097 784 3160 numquam
806 3076 902 3159 adiit,
935 3075 1039 3139 deviis

125 3180 315 3264 plerumque
332 3179 499 3244 itineribus
516 3180 660 3244 ambiens
673 3180 810 3265 patriam
822 3185 854 3244 et
865 3178 1038 3242 declinans.
1048 3211 1073 3249 20

195 3285 244 3349 16.
275 3283 407 3348 Interea
436 3305 554 3368 magna
584 3285 632 3348 ris
664 3289 886 3349 accusatorum
916 3284 949 3346 in
981 3303 1038 3347 eos

124 3387 256 3472 inrupit,
273 3388 327 3472 qui
342 3389 494 3472 pecunias
509 3388 640 3454 faenore
653 3387 851 3452 auctitabant
866 3386 1039 3451 adversum

124 3492 233 3577 legem
256 3491 421 3557 dictatoris
439 3492 594 3576 Caesaris,
620 3513 683 3575 qua
707 3491 746 3555 de
764 3492 861 3556 modo
883 3491 1038 3556 credendi
