2444 4010
217 263 273 320 116
545 266 796 308 coannnnmcrrr

217 423 387 490 sollemnia
410 429 443 489 et
466 421 554 509 (quia
572 424 722 489 ludorum
734 424 948 509 Megalesium
962 431 1121 510 spectacu-

218 531 284 595 lum
307 528 451 610 suberat)
475 529 574 594 etiam
597 529 781 614 voluptates
804 537 1015 596 resumerent.

285 635 314 700 7.
348 633 431 698 Tum
460 638 559 698 exuto
590 634 711 724 iustitio
734 634 875 699 reditum
903 634 945 699 ad
966 635 1074 698 munia
1096 639 1124 697 et

217 740 343 805 Drusus
366 739 515 824 lllyrioos
539 739 580 804 ad
603 741 764 804 exercitus
779 739 943 823 profectus
959 745 1016 820 est,
1040 759 1125 804 erec-

218 845 261 908 tis
285 843 428 907 omnium
450 844 564 908 animis
588 863 647 928 spe
668 841 828 928 petendae
855 863 872 906 e
893 843 1013 907 Pisone
1035 843 1127 906 ultio·
1151 903 1153 910 ,

218 949 269 1012 nis
299 952 332 1012 et
361 946 473 1012 crebro
504 952 637 1031 questu,
668 947 762 1031 quod
786 967 887 1030 vagus
910 945 1044 1029 interim
1074 965 1128 1030 per

187 1041 357 1116 'camoena
377 1049 475 1115 Asiae
505 1055 601 1134 atque
623 1050 768 1116 Achaiae
797 1049 968 1134 adroganti
998 1056 1030 1114 et
1059 1050 1129 1114 sub·

220 1155 296 1219 dola
310 1176 401 1219 mora
416 1154 574 1220 scelerum
589 1154 797 1240 probationes
812 1155 1024 1220 subverteret.
1057 1176 1129 1220 nam

219 1261 389 1345 vulgatum
422 1265 491 1324 erat
522 1259 670 1342 missam,
703 1264 739 1323 ut
773 1259 858 1343 dixi,
889 1257 990 1324 aOn.
1020 1259 1129 1324 Sentio

219 1364 377 1428 famosam
399 1363 563 1428 veneficiis
585 1364 758 1430 Martinam
781 1363 886 1428 subita
907 1371 1012 1428 morte
1028 1363 1129 1428 Brun-

222 1468 295 1534 disii
324 1469 500 1533 extinctam
531 1488 756 1552 venenumque
786 1467 873 1533 nodo
902 1469 1040 1533 erinium
1065 1469 1130 1533 eius

188 1595 212 1634 1o
222 1573 418 1639 occultatum
455 1593 516 1637 nec
553 1571 620 1636 ulla
655 1573 689 1636 in
722 1559 871 1656 corpore
890 1571 982 1655 signa
1015 1571 1132 1657 sumpti

222 1678 314 1742 exitii
335 1684 474 1764 reperta.

249 1841 251 1844 .
287 1784 316 1846 8.
348 1780 394 1845 At
416 1781 494 1845 Piso
517 1781 695 1864 praemisso
720 1779 754 1844 in
771 1781 886 1845 urbem
899 1779 965 1845 filio
985 1779 1132 1863 datisque

222 1885 382 1949 mandatis
405 1905 464 1969 per
486 1904 568 1968 quae
584 1885 762 1970 principem
778 1883 920 1948 molliret
935 1884 977 1948 ad
991 1884 1133 1948 Drusum

223 1989 346 2074 pergit,
376 2008 473 2072 quem
501 1987 590 2052 haud
611 1987 718 2066 fratris
739 1988 871 2052 interitu
893 1994 1016 2052 trucem
1038 2009 1134 2074 quem

222 2098 348 2157 remoto
369 2091 497 2156 aemulo
515 2093 700 2176 aequiorem
716 2091 777 2156 sibi
791 2093 951 2175 sperabat.
977 2092 1134 2173 Tiberius,

202 2217 286 2281 equo
309 2196 471 2278 integrum
493 2195 646 2258 iudicium
670 2199 860 2277 ostentaret,
884 2201 1057 2280 exceptum
1084 2219 1133 2262 oo·

223 2302 317 2366 miter
337 2300 488 2364 iuvenem
505 2306 597 2363 sueta
615 2319 693 2384 erge
706 2299 789 2363 filios
804 2298 995 2364 familiarum
1010 2300 1135 2366 nobiles

224 2401 417 2469 liberalitate
440 2408 550 2485 auget.
587 2402 712 2467 Drusus
731 2402 859 2485 Pisoni,
882 2402 908 2466 si
931 2423 1010 2468 vera
1031 2403 1136 2468 forent

226 2527 307 2593 quae
323 2506 736 2590 iacerentur,'praeoipuum
747 2507 781 2570 in
796 2506 909 2571 dolore
923 2526 1017 2571 suum
1029 2506 1135 2572 locum

225 2609 408 2696 respondit:
432 2609 490 2672 sed
512 2608 608 2673 malle
632 2609 713 2674 falsa
735 2616 768 2673 et
789 2610 898 2674 inania
912 2630 973 2674 nee
989 2609 1134 2694 cuiquam

191 2720 364 2783 romortem
387 2713 573 2779 Germanioi
601 2712 772 2777 exitiosam
801 2734 883 2778 esse.
928 2714 1008 2778 haec
1030 2714 1136 2798 palam

225 2821 327 2886 vitato
358 2818 446 2884 omni
477 2823 621 2899 secreto,
651 2837 756 2902 neque
789 2817 1015 2882 dubitabantur
1044 2837 1135 2902 prae·

226 2925 344 3009 scripta
366 2922 541 3005 aTiberio,
565 2942 638 2986 cum
661 2921 831 2985 incallidus
853 2920 973 3005 alioqui
989 2919 1137 2986 etfacilis

227 3030 359 3094 iuventa
381 3027 538 3093 senilibus
561 3032 630 3090 tum
653 3026 774 3091 artibus
797 3030 950 3090 uteretur.

292 3133 322 3196 9.
353 3132 431 3196 Piso
455 3130 639 3196 Delmatico
668 3130 749 3195 mari
778 3130 924 3195 tramisso
954 3129 1136 3214 relictisque

228 3237 314 3323 apud
345 3236 517 3302 Anconam
548 3235 684 3301 navibus
715 3255 774 3320 per
803 3233 962 3298 Picenum
994 3254 1032 3297 ac
1063 3253 1138 3298 mox

227 3339 421 3405 Flaminiam
456 3341 543 3404 viam
579 3340 765 3424 adsequitur
796 3337 976 3421 legionem,
1007 3357 1092 3420 quae
1120 3357 1136 3398 e

229 3442 397 3508 Pannonia
420 3444 454 3506 in
475 3444 597 3524 urbem,
620 3442 696 3506 inde
721 3441 882 3525 praesidio
899 3440 1028 3504 Africae
1044 3439 1138 3506 duce·

1172 3753 1203 3988 l
