2444 4010
244 313 301 369 180
578 315 828 356 conrmmrscrrr

308 477 359 540 31.
391 475 452 538 His
475 482 542 538 tam
563 473 707 538 adsiduis
731 482 859 558 tamque
877 474 1008 538 maestis
1030 473 1146 536 modica

242 582 365 646 laetitia
393 581 590 663 intericitur,
620 580 705 664 quod
737 579 774 644 O.
805 579 988 644 Cominium
1016 577 1147 662 equitem

240 687 439 768 Romanum,
471 685 621 770 probrosi
652 686 686 748 in
717 705 752 748 se
784 683 934 747 carminis
966 682 1147 760 convictum,

206 845 209 849 .
244 790 363 855 ansar
377 790 526 874 precibus
541 789 656 870 fratris,
675 788 730 872 qui
745 795 875 853 senator
890 793 968 870 erat,
988 785 1148 850 concessit.

220 910 304 978 oquo
328 894 430 978 magis
453 895 569 958 mirum
591 893 769 958 habebatur
787 911 924 976 gnarum
939 891 1107 956 meliorum
1121 896 1148 952 et

241 1019 323 1082 quae
346 998 432 1062 fama
454 998 657 1063 clementiam
679 1002 868 1080 sequeretur
889 995 1033 1059 tristiora
1050 994 1148 1058 malle.

241 1123 347 1186 neque
370 1103 456 1168 enim
479 1101 628 1166 socordia
649 1100 819 1186 peccabat3
843 1120 904 1164 neo
920 1098 1084 1162 occultum
1098 1103 1149 1176 est,

242 1205 370 1290 quando
403 1227 445 1270 ex
473 1206 624 1287 veritate,
657 1204 787 1289 qnando
818 1202 1007 1268 adumbrata
1035 1201 1149 1266 laetitia

241 1309 325 1372 facta
353 1309 585 1394 imperatorum
608 1308 821 1374 celebrentur.
865 1308 941 1391 quin
963 1307 1052 1391 ipse,
1083 1326 1148 1370 cou-

209 1414 365 1502 1⁰positus
388 1414 466 1476 alias
490 1420 523 1478 et
536 1413 626 1480 velut
642 1413 851 1477 eluctantium
866 1411 1048 1489 verborum
1071 1410 1148 1475 solu-

241 1517 304 1582 tius
326 1517 571 1602 promptiusque
595 1517 816 1600 eloquebatur,
840 1517 991 1600 quotiens
1007 1513 1149 1580 subveni·

241 1628 300 1686 ret.
345 1627 378 1684 at
405 1621 442 1685 P.
470 1619 617 1684 Suillium
645 1626 850 1705 quaestorem
880 1617 1044 1703 quondam
1075 1616 1148 1682 Ger·

241 1725 373 1807 manici,
400 1745 473 1790 cum
494 1723 590 1790 Italia
613 1732 776 1790 arceretur
800 1725 964 1790 convictus
986 1721 1149 1808 pecuniam

243 1831 284 1894 ob
312 1850 381 1894 rem
409 1827 615 1894 iudicandam
642 1829 782 1914 cepisse,
812 1827 1029 1894 amovendum
1050 1827 1086 1890 in
1108 1827 1149 1890 in·

208 1933 344 1998 1⁵sulam
374 1934 513 2014 censuit,
543 1939 632 1999 tanta
655 1932 862 1998 contentione
885 1932 998 2012 animi,
1029 1939 1065 1996 ut
1087 1933 1149 1996 iure

240 2038 374 2104 iurando
399 2038 615 2122 obstringeret
637 2059 656 2102 e
679 2059 714 2102 re
737 2037 866 2123 publica
888 2036 922 2102 id
945 2057 1026 2101 esse.
1069 2033 1150 2122 quod

241 2162 354 2226 aspere
370 2148 538 2226 acceptum
554 2141 762 2226 adpraesens
776 2162 854 2208 mox
869 2143 903 2208 iu
915 2140 1046 2206 laudem
1060 2140 1152 2206 vertit

240 2264 389 2328 regresso
413 2244 544 2327 Suilli03
568 2265 664 2329 quem
687 2244 769 2310 vidit
791 2266 930 2330 sequens
952 2252 1041 2310 aetas
1065 2265 1151 2330 prae·

241 2353 423 2432 potentem,
452 2349 602 2413 venalem
633 2355 665 2414 et
689 2349 817 2415 Claudii
839 2351 992 2436 principis
1011 2350 1151 2414 amicitis

205 2469 231 2510 m
242 2451 298 2516 diu
312 2473 667 2537 prospere,.numquam
683 2454 767 2519 bene
782 2475 885 2520 usum.
918 2453 1033 2520 eadem
1049 2472 1151 2539 poeno

241 2558 275 2622 in
298 2556 412 2621 Catum
429 2557 585 2622 Firmium
608 2564 790 2623 senatorem
810 2559 969 2640 statuitur,
991 2565 1150 2642 tamquam

240 2660 329 2724 falsis
363 2660 540 2724 maiestatis
576 2661 761 2726 criminibus
797 2683 942 2728 sororem
975 2662 1149 2746 petivisset.

242 2764 359 2846 Catus,
396 2771 433 2828 ut
468 2765 595 2848 rettuli,
631 2765 791 2831 Libonem
826 2766 987 2832 inlexerat
1019 2767 1149 2845 insidiis,

242 2869 359 2934 deinde
392 2867 511 2934 indicio
543 2869 734 2954 perculerat.
780 2870 861 2934 eius
881 2891 999 2956 operae
1030 2889 1150 2935 memor

205 3001 232 3040 rs
240 2974 388 3040 Tiberius
410 2974 555 3041 sedalis
576 2975 793 3060 praetendens
812 2975 946 3040 exilium
960 2975 1149 3060 deprecatus

240 3087 307 3144 est:
331 3081 520 3164 quominus
543 3085 657 3145 senatu
679 3079 857 3164 pelleretur
877 3099 943 3142 non
966 3078 1102 3143 obstitit.

305 3185 356 3247 32.
390 3185 550 3269 Pleraque
586 3205 716 3265 eorum,
750 3203 833 3267 quae
866 3183 976 3248 rettuli
1008 3201 1149 3268 quaeque

239 3286 388 3371 referam,
410 3304 510 3374 parra
531 3288 667 3352 forsitan
690 3293 723 3350 et
744 3287 830 3351 levia
851 3292 1033 3351 memoratu
1051 3282 1149 3352 rideri

240 3411 306 3454 non
328 3393 454 3456 nescius
477 3412 563 3456 sum:
588 3391 646 3455 sed
668 3411 765 3456 nemo
790 3391 922 3454 annales
937 3395 1067 3455 nostros
1081 3409 1148 3454 cum

241 3493 397 3576 scriptura
426 3516 538 3559 eorum
568 3492 786 3576 contenderit,
815 3494 870 3578 qui
891 3500 1020 3558 veteres
1041 3491 1148 3578 populi
