2482 4014
371 161 379 193 1

238 283 294 340 206
431 323 434 332 ‚
559 286 698 328 0011111
711 286 809 326 110111

1224 375 1225 418 l

237 450 343 511 aestas
363 443 397 509 in
419 443 583 509 favonium
606 445 742 510 obversa
760 452 794 510 et
816 449 929 529 aperto
953 445 1074 510 circum
1089 464 1151 528 pe»
1224 425 1225 450 ¹

236 553 311 636 logo
339 548 547 635 peramoena3
577 550 867 634 prospectabatque
882 549 1150 640 ¹pulcherrimum
1224 579 1225 640 1

203 679 227 718 rs
237 655 351 737 sinum,
374 659 546 738 antequam
561 652 723 718 Vesuvius
738 674 831 718 mons
846 653 1019 719 ardescens
1032 653 1154 744 faciem¹
1224 661 1225 690 1

237 759 301 823 1001
329 762 481 822 verteret.
528 755 672 822 Graecos
701 779 740 822 ea
769 758 912 822 tenuisse
943 756 1153 842 Capreasque
1224 791 1225 840 1

155 863 159 871 '
237 861 388 927 Telebois
410 861 570 927 habitatas
593 861 679 926 fama
695 861 802 925 tradit.
841 861 983 926 sedtum
999 861 1154 926 Tiberius
1224 869 1225 956 1

239 965 412 1032 duodecim
442 965 591 1031 villarum
619 965 803 1030 nominibus
833 971 866 1030 et
894 965 1033 1030 molibus
1062 964 1152 1029 inse·
1224 961 1225 1040 1

240 1069 341 1150 derat,
364 1089 459 1153 quam
483 1069 625 1134 intentus
648 1067 726 1133 olim
740 1068 884 1154 publicas
900 1067 942 1133 ad
958 1089 1059 1151 curas,
1082 1076 1153 1132 tarn
1224 1059 1225 1128 l

205 1174 272 1238 roin
302 1173 397 1237 luxus
430 1178 463 1237 01
493 1172 613 1236 malum
644 1171 746 1236 otium
776 1173 948 1237 resolutus.
999 1173 1155 1237 manebat
1224 1139 1225 1234 l

240 1279 357 1364 quippe
382 1276 600 1361 suspicionum
623 1282 656 1340 et
680 1276 834 1341 credendi
855 1276 1030 1360 temeritas,
1054 1297 1153 1361 quam

239 1382 374 1448 Seianus
396 1379 515 1464 augere
538 1381 636 1446 otiam
664 1380 698 1443 in
720 1381 800 1445 urbe
824 1386 935 1445 suetus
957 1380 1062 1445 acrius
1085 1388 1153 1444 tur·

238 1488 336 1554 babat
356 1508 423 1553 non
443 1487 506 1552 iam
532 1486 665 1552 occultis
688 1485 861 1550 adversum
882 1483 1099 1570 Agrippinam
1122 1493 1155 1547 et

239 1591 405 1658 Neronem
437 1589 571 1655 insidiis.
624 1591 696 1675 quis
731 1589 861 1655 additus
895 1590 987 1653 miles
1022 1590 1156 1654 nuntios

207 1722 231 1761 rs
239 1696 398 1778 introitus,
421 1700 534 1780 aperta
551 1700 677 1760 secreta
691 1694 782 1758 velut
796 1695 830 1760 in
844 1695 976 1760 annales
991 1695 1155 1760 referebat

240 1801 389 1884 ultroque
412 1798 616 1864 struebantur
646 1799 699 1882 qui
721 1804 892 1864 monerent
914 1796 1089 1882 perfugere
1112 1797 1153 1862 ad

243 1903 437 1968 Germaniae
460 1901 620 1968 exercitus
634 1903 688 1967 vel
702 1903 912 1969 celeberrimo
935 1903 997 1967 fori
1013 1902 1154 1988 effigiem

244 2006 310 2072 divi
337 2006 477 2091 Augusti
508 2007 660 2090 amplecti
688 2009 911 2092 populumque
939 2029 977 2073 ac
1007 2015 1153 2073 senatum
1224 2093 1225 2106 ,

243 2111 364 2176 auxilio
387 2130 516 2176 vocare.
553 2131 654 2195 eaque
670 2118 779 2196 spreta
793 2111 833 2175 ab
852 2111 925 2194 illia,
948 2111 1039 2177 velut
1062 2133 1154 2198 para·
1224 2107 1225 2196 1

210 2241 236 2281 cc
244 2219 326 2297 rent,
350 2214 579 2280 obiciebantur.
1224 2197 1225 2274 l

313 2318 1157 2387 mmmmeffiMmmm

247 2421 380 2486 foedum
394 2422 468 2486 anni
481 2422 672 2507 principium
687 2424 817 2489 incessit
831 2430 933 2489 tracto
944 2426 977 2488 in
993 2445 1154 2492 carcerem

249 2525 374 2591 inlustri
389 2526 496 2611 equite
512 2525 671 2610 Romano,
690 2528 762 2592 Tito
779 2528 909 2613 Sabino,
927 2529 967 2594 ob
984 2529 1155 2595 amicitiam
1224 2535 1225 2622 1

252 2631 453 2698 Germanici:
476 2652 582 2717 neque
606 2632 691 2697 enim
714 2634 866 2698 omiserat
888 2633 1061 2718 coniugem
1078 2633 1155 2698 libe·
1224 2629 1225 2706 l

231 2757 368 2821 trosque
383 2737 560 2822 percolere,
579 2744 719 2803 sectator
735 2737 834 2819 domi,
848 2758 957 2804 eomes
971 2737 1004 2801 in
1014 2738 1157 2822 publico,

252 2846 326 2926 post
348 2845 397 2904 tot
419 2841 552 2907 clientes
566 2863 649 2907 unus
665 2862 769 2926 eoque
785 2842 872 2927 apud
893 2842 996 2906 bonos
1012 2842 1157 2906 laudatus

253 2949 286 3010 et
308 2943 415 3029 gravis
431 2943 557 3028 iniquis.
594 2946 679 3009 hunc
694 2944 840 3010 Latinius
855 2945 1003 3029 Latiaris,
1024 2946 1156 3011 Porcius

254 3048 353 3132 Cato,
375 3049 511 3114 Petilius
532 3048 652 3133 Rufus,
679 3049 723 3112 M.
747 3048 866 3135 Opsius
887 3056 1040 3135 praetura
1061 3047 1155 3114 functi

253 3152 494 3237 adgrediuntur,
516 3153 667 3238 cupidine
691 3154 889 3237 consulatus,
912 3151 954 3218 ad
976 3173 1073 3236 quem
1094 3169 1155 3217 non

219 3257 316 3324 renisi
346 3278 405 3341 per
435 3257 587 3322 Seianum
618 3257 740 3321 aditus:
775 3278 882 3342 neque
919 3256 1069 3321 voluntas
1098 3251 1155 3316 nisi

254 3359 376 3423 scelere
399 3360 622 3443 quaerebatur.
668 3362 880 3446 compositum
909 3361 993 3424 inter
1016 3362 1102 3445 ipsos
1121 3361 1155 3420 ut

256 3459 408 3543 Latiaris,
437 3463 491 3546 qui
520 3463 648 3528 modico
678 3485 738 3528 usu
761 3463 913 3528 Sabinum
946 3461 1154 3546 contingebat,
