2498 4010
318 301 355 342 sn
368 299 494 342 excussu
507 299 571 340 mv1
585 299 713 340 aucusm
725 300 737 339 1
750 297 834 340 42-45.
891 325 892 328 ,
992 289 1029 350 33

116 458 262 526 reditum
275 457 475 544 Agrippinae
492 458 657 524 excusavit
674 457 714 523 ob
733 457 943 523 inminentem
958 479 1055 543 par-s

119 572 190 630 tum
221 571 255 630 et
283 563 440 647 hiemem}
477 569 648 628 venturum
676 563 795 627 filium:
834 567 943 627 cetera
970 562 1033 647 ipsi

121 674 386 754 exsequerentur.
431 668 612 733 discurrunt
633 667 748 732 mutati
772 671 805 731 et
828 665 1033 746 seditiosisei-
1124 737 1128 746 ,

120 793 209 836 mum
225 792 382 857 quemque
397 771 522 835 vinctos
536 772 666 836 trahunt
681 770 722 834 ad
737 770 882 854 legatum
895 769 1034 852 legionis

121 877 245 963 primae
270 875 306 940 Ο.
331 874 552 956 Caetronium,
584 874 639 960 qui
666 873 819 938 iudicium
848 878 881 938 et
910 893 1033 958 poenas

123 979 165 1045 de
198 979 330 1063 singulis
361 978 394 1042 in
425 978 510 1042 hunc
538 978 671 1042 modum
701 977 856 1042 exercuit.
907 978 1034 1042 stabant
1042 1000 1067 1040 ro

123 1105 182 1170 pro
208 1083 357 1148 contione
384 1083 532 1167 legiones
555 1081 714 1166 destrictis
744 1082 876 1168 gladiis,
905 1082 1035 1147 neusin

123 1196 281 1274 suggestu
298 1209 358 1274 per
371 1188 533 1253 tribunum
549 1186 795 1253 ostendebatur:
820 1186 847 1250 si
864 1193 1036 1252 nocentem

124 1293 398 1372 adclamaverunt,
421 1312 578 1377 praeceps
605 1291 698 1355 datus
727 1290 956 1357 trucidabatur.
1002 1299 1035 1357 et

124 1395 288 1481 gaudebat
311 1395 461 1462 caedibus
479 1396 593 1479 miles,
620 1401 783 1481 tamquam
806 1404 909 1461 semet
931 1396 1035 1461 absol-

123 1505 234 1582 veret;
256 1519 317 1565 nec
342 1499 459 1587 Caesar
473 1489 475 1534 ³
488 1500 633 1582 arcebat,
664 1497 792 1584 quando
815 1501 904 1564 nullo
935 1500 1069 1586 ipsius1s

122 1603 215 1667 iussu
237 1623 337 1687 penes
356 1602 489 1668 eosdem
511 1603 646 1667 saevitia
665 1602 742 1667 facti
765 1608 798 1669 et
820 1601 941 1668 invidia
957 1596 1059 1670 erat(

124 1705 229 1772 secuti
260 1705 444 1791 exemplum
470 1707 616 1773 veterani
647 1707 734 1772 haud
764 1709 865 1772 multo
897 1715 971 1793 post
1002 1709 1034 1772 in

123 1809 276 1874 Raetiam
294 1810 471 1892 mittuntur,
487 1811 595 1897 specie
613 1811 835 1878 defendendae
850 1813 1034 1898 provinciae

126 1914 170 1979 ob
196 1913 389 1978 imminentis
418 1914 559 1998 Suebos,
592 1922 734 1980 ceterum
762 1924 798 1980 nt
820 1917 1036 1984 avellerentur

125 2019 239 2084 castris
251 2019 392 2084 trucibus
402 2020 506 2085 adhue
517 2041 583 2086 non
594 2021 698 2085 minus
713 2021 885 2106 asperitate
901 2023 1070 2088 remediis

126 2145 223 2208 quam
239 2124 369 2190 sceleris
386 2124 550 2190 memoria.
588 2126 844 2190 centurionatum
865 2127 941 2193 inde
957 2128 1034 2212 egit.

126 2227 244 2292 citatus
265 2248 383 2292 nomen
406 2228 551 2293 ordinem
566 2229 711 2314 patriam,
733 2251 901 2296 numerum
915 2233 1035 2317 stipen-

127 2331 264 2414 diorum,
286 2351 368 2415 quee
391 2338 521 2397 strenue
543 2333 576 2396 in
596 2333 729 2418 proeliis
750 2335 878 2400 fecisset
901 2343 933 2400 et
953 2356 1036 2420 quae

126 2436 216 2500 dona
242 2434 405 2519 militaria,
435 2435 562 2501 edebat.
608 2437 635 2500 si
656 2437 792 2526 tribuni,
822 2439 849 2502 si
870 2439 957 2522 legio
987 2439 1035 2504 in-

127 2540 283 2606 dustriam
297 2540 576 2626 innocentiamque
591 2541 858 2627 adprobaverant,
879 2543 1038 2608 retinebat
1045 2559 1071 2598 2⁵

127 2645 297 2714 ordinem.
314 2643 370 2709 ubi
384 2645 549 2710 avaritiam
571 2650 627 2709 aut
642 2645 865 2711 crudelitatem
879 2667 1037 2713 consensu

127 2748 388 2831 obiectavissent,
411 2749 597 2814 solvebatur
617 2749 739 2814 militia.

193 2853 247 2915 45.
278 2850 330 2916 Sic
356 2853 539 2938 compositis
567 2854 790 2938 praesentibus
820 2856 905 2920 haud
934 2857 1039 2921 minor

125 2957 231 3021 moles
247 2961 414 3041 supererat
430 2955 471 3020 ob
487 2955 641 3021 ferociam
657 2957 785 3042 quintae
802 2964 836 3023 et
849 2960 1037 3025 unetvioen-

126 3059 228 3124 simae
265 3059 447 3144 legionum,
484 3061 744 3146 sexagensimum
780 3063 867 3148 apud
897 3063 1038 3150 lapidem

128 3163 216 3245 (loco
228 3162 352 3230 Vetera
365 3184 482 3229 nomen
500 3162 563 3246 est)
581 3165 828 3232 hibernantium.
856 3189 931 3232 nam
945 3169 1039 3253 primi

129 3267 322 3334 seditionem
354 3273 600 3353 cooptaverant:
634 3271 866 3336 atrocissimum
889 3271 1061 3357 quodquer

128 3372 253 3438 facinus
267 3373 383 3437 horum
396 3372 543 3438 manibus
558 3379 735 3459 patratum3
758 3399 818 3442 nec
833 3397 939 3462 poena
954 3398 1040 3442 com-

130 3477 311 3552 militonum
333 3477 479 3542 exterriti
501 3499 562 3544 nec
587 3479 785 3563 paenitentia
808 3480 954 3545 conversi
975 3481 1039 3545 iras
