2482 4014
221 295 280 352 218
552 295 692 336 oonmu
703 294 802 334 rscn'r

286 455 346 537 vl,
371 455 401 518 1.
433 453 493 519 On.
508 454 671 519 Domitius
686 458 721 516 et
737 451 892 516 Camillus
907 449 1137 514 Scribonianus

222 559 426 625 consulatum
436 557 585 638 inierant,
598 578 670 620 cum
683 555 802 619 Caesar
813 556 960 619 tramisso
972 553 1064 638 quod
1075 553 1136 618 (la-

221 685 316 749 precs
330 668 364 727 et
374 661 565 726 Surrentum
574 659 719 724 interluit
729 657 812 722 freto
823 657 1033 742 Campaniam
1042 679 1138 741 prae-
1224 713 1225 738 p

221 768 368 854 legebat,
399 765 570 850 ambiguus
595 785 637 828 an
658 762 775 826 urbem
795 763 931 826 intraret
953 782 1031 843 seu,
1064 761 1139 846 quia
1224 765 1225 796 r

200 877 336 938 econtra
351 869 578 948 destinaverat,
601 868 746 953 speeiem
759 867 889 931 venturi
904 865 1068 931 simulans.
1107 872 1140 931 et
1224 937 1225 948 χ

222 997 321 1062 saepe
343 975 377 1038 in
390 974 573 1059 propinqua
588 972 762 1056 degressus
776 970 873 1034 aditis
888 970 981 1033 iuxta
994 969 1139 1034 Tiberim

222 1081 325 1144 hortis
348 1100 428 1142 saxa
448 1097 575 1141 rursum
596 1082 630 1141 et
651 1075 861 1140 solitudinem
877 1075 975 1139 maris
997 1075 1138 1160 repetiit.
1224 1109 1225 1134 r

288 1185 319 1248 2.
351 1180 397 1246 At
412 1181 538 1246 Romae
559 1178 718 1264 principio
738 1182 815 1245 anni
836 1181 930 1263 quasi
950 1199 1068 1243 recens
1083 1199 1138 1244 co·

223 1288 322 1372 gnitis
336 1287 448 1351 Liviae
469 1283 599 1369 flagitiis
621 1305 659 1348 ao
674 1303 741 1348 non
755 1282 883 1368 pridem
899 1283 999 1347 etiam
1015 1281 1138 1366 punitis

224 1397 351 1455 atroces
373 1389 552 1455 sententiae
581 1385 771 1452 dicebantur
798 1389 832 1452 in
862 1387 986 1470 effigies
1008 1407 1137 1472 quoque

225 1517 262 1560 ac
284 1495 488 1576 memoriam,
519 1500 551 1557 et
580 1493 665 1556 boua
688 1490 797 1556 Seiani
825 1491 933 1555 ablata
954 1492 1082 1556 aerario
1104 1497 1138 1554 ut

203 1600 257 1663 sin
271 1600 383 1664 fiscum
400 1603 604 1681 cogerentur.
629 1597 695 1659 iam
711 1594 880 1679 Scipiones
891 1595 974 1659 haec
989 1602 1024 1660 et
1039 1595 1138 1660 Silani

225 1707 258 1768 et
275 1701 377 1767 Oassii
396 1701 501 1766 isdem
523 1700 625 1764 ferme
648 1706 704 1764 aut
725 1701 857 1785 paulum
877 1700 1046 1765 inmutatis
1067 1723 1137 1766 ver·
1224 1741 1225 1764 r

224 1806 273 1871 bis
302 1805 548 1870 adseveratione
571 1805 671 1868 multa
694 1805 884 1888 censebant,
908 1826 982 1869 oum
1003 1814 1137 1891 repente

224 1910 390 1993 Togonius
409 1908 532 1991 Gallus,
556 1908 634 1973 dum
655 1909 891 1993 ignobilitatem
907 1930 999 1973 suam
1013 1910 1137 1994 magnis

223 2012 406 2077 nominibus
428 2012 550 2094 inserit,
572 2030 633 2096 per
655 2011 871 2076 deridiculum
891 2011 1031 2076 auditur.
1065 2033 1137 2077 nam

189 2147 215 2186 ιο
224 2117 412 2203 ρτίιιοίρθιη4
425 2117 538 2181 orabat
557 2117 703 2199 deligere
726 2123 908 2199 senatores,
932 2137 975 2180 ex
997 2116 1069 2201 quis
1091 2116 1137 2180 vi·
1224 2129 1225 2174 l

224 2223 305 2305 giuti
322 2230 410 2287 sorte
426 2222 515 2285 ducti
532 2227 564 2285 et
579 2221 666 2285 ferro
682 2221 826 2302 accincti,
850 2220 1002 2304 quotiens
1019 2220 1138 2284 curiam
1224 2287 1225 2304 χ

223 2326 347 2408 inisset,
371 2325 507 2390 salutem
529 2326 600 2388 cius
624 2323 847 2389 defenderent.
886 2323 1071 2389 crediderat
1093 2325 1139 2388 ni·
1224 2399 1225 2414 χ

224 2429 340 2494 mirum
369 2430 527 2515 epistulae
554 2428 698 2493 subsidio
724 2429 860 2492 altemm
890 2428 1138 2492 exconsulibus
1224 2435 1225 2520 ᾗ

224 2534 405 2618 poscentis,
443 2539 478 2596 ut
514 2538 603 2596 tutus
636 2553 655 2596 a
688 2531 822 2616 Capreis
852 2532 967 2596 urbem
1001 2538 1138 2617 peteret.
1224 2601 1225 2616 χ

190 2627 371 2704 1sTiberius
394 2629 512 2720 tamen,
535 2636 675 2701 ludibria
693 2637 785 2700 seriis
803 2636 999 2722 permiscere
1016 2637 1138 2718 solitus,
1224 2639 1225 2722 l

226 2742 293 2828 egit
311 2741 409 2826 gratis
429 2740 677 2806 benevolentiae
696 2746 839 2825 patrum:
861 2738 920 2804 sed
936 2761 1017 2824 quos
1036 2740 1139 2804 omitti

225 2839 332 2932 posse,
354 2867 433 2930 quos
454 2844 575 2930 deligi?
606 2865 776 2929 semperne
795 2842 929 2908 eosdem
945 2864 986 2907 an
1002 2843 1138 2909 subinde
1224 2855 1225 2898 t

225 2950 329 3014 alios?
363 2956 395 3013 et
418 2949 597 3014 honoribus
622 2949 809 3034 perfunctos
831 2969 872 3011 an
896 2949 1046 3031 iuvenes,
1075 2949 1139 3034 pri·

225 3059 317 3118 vatos
339 3074 380 3119 an
404 3073 421 3118 e
444 3053 705 3135 magistratibus?
735 3073 832 3136 quam
855 3050 973 3116 deinde
997 3053 1138 3136 speciem
1224 3083 1225 3106 r

191 3158 294 3230 rofore
314 3158 510 3222 sumentium
532 3157 566 3222 in
589 3158 698 3222 limine
722 3157 829 3221 curiae
852 3156 1004 3240 gladios?
1034 3178 1138 3243 neque

225 3261 323 3326 vitam
352 3262 450 3343 tanti,
480 3262 507 3324 si
539 3263 635 3326 armis
664 3261 807 3346 tegenda
834 3261 928 3326 foret.
972 3263 1054 3327 haec
1084 3263 1138 3327 ad·

225 3383 338 3428 versus
353 3363 535 3447 Togonium
550 3367 657 3430 verbis
680 3365 861 3448 moderans,
885 3387 927 3430 ue
951 3387 1032 3450 quae
1056 3367 1138 3431 ultra

228 3465 436 3530 abolitionem
460 3469 639 3533 sententiae
663 3471 825 3534 suaderet.
