2498 4010
222 319 258 375 78
540 324 677 365 CORNELII
690 324 788 366 raom

220 482 294 546 oitia
315 480 485 565 Augustae
509 482 679 548 extulerat.
711 504 772 548 neo
795 488 850 548 aut
872 482 1051 569 Urgulania
1077 505 1131 569 op·

219 588 428 672 temperavit,
464 588 497 652 in
534 587 665 653 domurn
697 587 844 654 Caesaris
872 594 982 675 spreto
1013 588 1133 654 Pisone

219 700 330 773 vecta,
361 700 415 757 aut
437 693 492 758 ille
516 693 687 776 abscessit,
710 715 904 779 quamquam
926 693 1076 777 Augusta
1098 715 1133 758 se

219 797 333 862 violari
357 802 390 862 et
412 798 559 862 imminui
578 803 776 882 quereretur.
814 797 962 862 Tiberius
977 798 1132 862 hactenus

183 919 208 958 1⁵
218 903 387 986 indulgere
419 902 513 968 matri
544 902 638 967 civile
668 907 773 982 ratus,
807 908 844 965 ut
872 921 908 964 se
939 901 1059 965 iturum
1090 899 1133 964 ad

217 1006 376 1090 praetoris
399 1006 548 1088 tribunal,
572 1005 757 1071 adfuturum
777 1004 975 1089 Urgulaniae
999 1003 1132 1086 diceret,

218 1109 375 1192 prooessit
406 1110 532 1175 Palatio
571 1111 684 1194 procul
715 1110 807 1192 sequi
837 1110 933 1174 iussis
964 1111 1132 1175 militibus.

217 1213 422 1297 spectabatur
459 1222 646 1280 occursante
683 1217 804 1300 populo
844 1218 1040 1301 compositus
1076 1237 1131 1281 ore

217 1323 250 1382 et
279 1316 479 1382 sermonibus
507 1318 603 1382 variis
633 1324 761 1404 tempus
790 1325 885 1405 atque
916 1321 977 1385 iter
1000 1318 1131 1402 ducens,

181 1423 321 1488 rodonec
354 1424 542 1509 propinquis
574 1423 728 1489 Pisonem
759 1425 877 1490 frustra
908 1425 1130 1489 coercentibus

217 1527 334 1592 deferri
362 1528 511 1612 Augusta
538 1530 723 1614 pecuniam,
754 1550 835 1614 quae
866 1528 1054 1615 petebatur,
1084 1530 1131 1593 iu-

216 1632 316 1697 beret.
361 1633 452 1718 isque
481 1632 552 1698 finis
580 1634 644 1716 rei,
676 1655 718 1698 ex
748 1655 811 1717 qua
838 1655 945 1718 neque
972 1633 1050 1699 Piso
1067 1634 1128 1698 'in-

216 1737 337 1821 glorius
371 1743 404 1803 et
440 1737 558 1802 Caesar
591 1739 712 1803 maiore
745 1738 840 1804 fama.
893 1745 1036 1802 ceterum
1067 1739 1128 1803 Ur·

216 1844 365 1927 gulaniae
394 1844 540 1928 potentia
569 1842 651 1907 adeo
681 1843 782 1907 nimia
810 1842 948 1926 civitati,
977 1848 1014 1908 ut
1039 1843 1128 1908 testis

181 1963 206 2002 2⁵
216 1950 248 2013 in
278 1970 375 2014 causa
403 1950 557 2033 quadam,
586 1967 667 2032 quae
692 1948 778 2032 apud
801 1953 948 2013 senatum
970 1947 1128 2012 tractaba-

214 2059 275 2135 tur,
296 2054 406 2118 venire
424 2053 669 2137 dedignaretur:
693 2053 809 2116 missus
824 2057 955 2137 praetor
970 2051 1024 2135 qui
1041 2051 1128 2122 domi

215 2160 447 2241 interrogaret,
480 2179 552 2222 cum
582 2157 722 2242 virgines
751 2156 903 2225 Vestales
933 2158 966 2221 in
994 2155 1066 2222 foro
1096 2163 1127 2220 et

215 2261 335 2327 iudicio
346 2260 459 2343 audiri,
475 2261 625 2344 quotiens
635 2263 855 2327 testimonium
868 2261 1023 2342 dicerent,
1036 2269 1125 2326 vetus

216 2387 286 2430 mos
310 2365 414 2430 fuerit.

281 2471 332 2535 35.
364 2469 431 2534 Res
455 2491 494 2535 eo
519 2490 601 2535 anno
625 2472 767 2556 prolatas
790 2470 877 2536 haud
900 2471 1072 2554 referrem,
1093 2471 1126 2535 ni
1225 2529 1226 2552 ,

215 2575 355 2660 pretium
372 2572 429 2638 On.
445 2574 572 2640 Pisonis
588 2580 622 2639 et
635 2575 742 2639 Asinii
758 2575 844 2641 Galli
860 2595 956 2660 super
972 2595 1011 2640 eo
1026 2595 1124 2660 nego-

214 2680 260 2742 tio
286 2677 429 2742 diversas
450 2678 625 2744 sententias
641 2699 787 2744 noscere.
824 2679 911 2760 Piso,
935 2699 1125 2764 quamquam

214 2784 375 2849 afuturum
400 2803 435 2848 so
460 2783 586 2849 dixerat
603 2783 731 2865 Caesar,
755 2783 796 2849 ob
817 2783 852 2847 id
867 2783 970 2867 magis
985 2782 1125 2866 agendas

192 2886 383 2951 scensebat:
415 2888 548 2953 absente
580 2887 725 2973 principe
758 2893 906 2952 sonatum
940 2892 973 2952 et
1002 2887 1125 2971 equites

213 3010 309 3074 posse
333 3011 392 3054 sua
413 2991 522 3056 munia
544 2991 704 3056 sustinere
728 2991 881 3057 decorum
904 2991 1125 3076 reipublicae.

215 3096 337 3178 Gallus,
361 3097 435 3181 quia
457 3098 598 3182 speciem
622 3096 780 3162 libertatis
804 3095 880 3160 Piso
904 3099 1124 3182 praeceperat,

212 3200 291 3265 nihil
321 3202 398 3266 satis
427 3202 562 3266 inlustre
591 3210 648 3267 aut
677 3223 719 3266 ex
744 3201 900 3286 dignitate
922 3199 1036 3285 populi
1058 3200 1123 3266 Ro·

213 3304 299 3367 mani
330 3303 391 3368 nisi
420 3325 527 3369 coram
557 3311 589 3370 et
621 3305 680 3368 sub
711 3305 811 3369 oculis
843 3304 990 3370 Caesaris
1021 3325 1124 3389 eoque
1222 3295 1223 3298 ¹

179 3414 408 3471 reconventum
431 3407 546 3472 Italiae
577 3414 610 3473 et
633 3408 804 3473 adfluentis
826 3408 1009 3493 provincias
1032 3429 1123 3494 prae·

214 3508 336 3572 sentiae
359 3512 518 3576 servanda
541 3511 678 3575 dicebat.
717 3511 868 3576 audiente
891 3512 971 3577 haee
993 3511 1123 3577 Tiberio
1221 3533 1222 3586 r
