2482 4014
327 284 365 323 AB
379 283 505 324 Excussu
518 283 583 324 DIVI
597 283 726 324 AUGUSTI
739 283 771 323 v1
785 284 842 323 'l-9.
984 279 1041 336 223

129 465 206 509 num
227 442 469 508 Vulsiniensem
492 448 542 506 set
566 441 721 507 Claudiae
746 447 778 506 et
799 441 901 506 Iuliae
926 441 1042 506 domus

127 552 265 633 partem,
281 568 359 631 quas
375 546 541 612 adfinitate
555 552 779 632 occupaverat,
795 554 896 629 tuum,
913 546 1041 629 Caesar,

129 673 297 737 generum,
320 652 367 716 tui
391 653 574 718 consulatus
597 651 729 732 socium,
751 657 807 714 tua
826 650 930 715 officia
952 651 985 715 in
1007 672 1042 716 re

129 756 260 842 publica
292 762 515 840 capessentem
549 756 744 821 colebamus,
797 777 863 821 non
896 761 1043 820 nostrum
1052 774 1077 814 ao

129 861 303 938 aestimare
319 881 414 944 quem
436 866 468 926 et
489 861 604 944 quibus
629 860 670 926 de
687 860 790 924 causis
807 860 961 924 extollas:
985 860 1045 925 tibi

129 987 291 1029 summum
313 987 422 1030 rerum
443 965 598 1029 iudicium
620 964 653 1029 di
675 963 812 1046 dedero,
835 964 928 1028 nobis
952 963 1045 1028 obse·

128 1070 197 1154 quii
221 1069 325 1152 gloria
346 1069 469 1133 relicta.
508 1076 689 1153 spectamus
707 1089 805 1154 porro
829 1090 911 1153 quae
936 1089 1044 1134 coram

127 1173 299 1256 habentur,
317 1173 368 1236 cui
383 1194 426 1238 ox
441 1180 474 1238 te
491 1193 570 1258 opes
585 1173 735 1254 honores,
758 1173 829 1256 quis
842 1173 980 1257 plurima
995 1174 1043 1237 iu-

128 1276 228 1343 vandi
240 1277 421 1342 nocendive
437 1278 593 1362 potentia,
609 1297 691 1360 quac
703 1276 821 1342 Seiano
833 1277 932 1343 fuisse
947 1293 1079 1344 ncmo2⁵

127 1383 307 1465 negaverit.
347 1381 475 1447 abditos
497 1382 652 1466 principis
675 1401 787 1445 sensus
810 1387 844 1446 et
864 1383 969 1466 siquid
993 1404 1046 1449 oc-

129 1485 245 1550 cultius
260 1490 353 1569 parat
369 1486 540 1570 exquirere
556 1485 714 1549 inlicitum
731 1505 869 1569 auceps:
892 1506 953 1550 nec
968 1485 1043 1551 ideo

128 1591 319 1675 adaequare.
356 1611 408 1672 ne,
430 1596 539 1675 patres
559 1589 743 1674 conscripti,
765 1589 913 1652 ultimum
937 1587 1045 1654 Seiani

129 1693 217 1758 diem
240 1693 299 1758 sed
321 1693 465 1758 sedecim
488 1714 589 1758 annos
605 1691 834 1778 cogitaveritis.
872 1694 970 1757 etiam
986 1693 1043 1757 Sa·

127 1799 225 1864 trium
257 1806 353 1884 atque
385 1799 605 1884 Pomponium
636 1797 886 1877 venerabamur3
919 1796 1043 1861 libertis
1051 1821 1077 1861 sc

129 1923 257 1987 quoquc
290 1924 328 1967 ac
358 1903 549 1967 ianitoribus
580 1908 751 1966 notescere
780 1921 839 1985 pro
870 1900 1040 1985 magnifico

129 2009 357 2092 accipiebatur.
403 2007 480 2092 quid
510 2008 612 2089 crgo?
657 2005 843 2070 indistincta
872 2005 953 2069 haec
985 2005 1041 2069 de-

127 2111 231 2178 fensio
256 2116 288 2176 ct
304 2113 466 2197 promisca
483 2109 635 2174 dabitur?
671 2111 769 2174 immo
788 2109 880 2173 iustis
896 2110 1041 2174 terminis

129 2214 301 2280 dividatur.
331 2215 467 2279 insidiae
483 2215 517 2277 in
540 2213 796 2299 rempublicam,
820 2212 955 2278 consilia
969 2233 1041 2276 cae-

128 2319 179 2382 dis
201 2319 373 2385 adversum
389 2320 618 2404 imperatorem
632 2319 821 2404 puniantur:
846 2317 886 2382 de
902 2317 1042 2382 amicitia
1051 2340 1076 2378 as

128 2428 163 2487 et
194 2422 307 2488 officiis
336 2422 423 2487 idem
450 2422 521 2486 finis
545 2430 577 2487 et
599 2428 652 2501 te,
683 2422 819 2506 Caesar,
850 2427 883 2486 et
904 2443 964 2488 nos
987 2421 1041 2486 ab·

129 2523 285 2591 solverit‘

194 2633 224 2696 9.
260 2630 450 2695 Constantia
467 2631 633 2697 ‘orationis
662 2639 693 2696 et
717 2633 792 2714 quia
812 2637 960 2716 ropertus
987 2632 1042 2715 qui

129 2735 260 2799 efferret
289 2756 372 2819 quae
406 2757 516 2823 omnes
546 2737 652 2801 animo
684 2737 848 2820 agitabant
878 2757 916 2801 eo
940 2758 1042 2821 usque

128 2846 284 2924 potuere,
307 2845 343 2904 ut
366 2847 586 2925 accusatores,
616 2841 734 2906 additis
757 2863 839 2926 quae
863 2848 937 2906 ante
961 2840 1041 2905 dcli-

128 2949 275 3027 querant,
300 2944 397 3008 exilio
422 2950 477 3008 aut
500 2950 605 3009 morte
627 2947 849 3011 multarentur.

194 3046 331 3111 Secutae
345 3046 462 3111 dehinc
473 3047 594 3112 Tiberii
607 3048 734 3113 litterae
747 3049 780 3112 in
792 3048 867 3113 Sex.
877 3047 1063 3113 Vistiliums

128 3151 339 3233 praetorium,
355 3171 451 3234 quem
463 3152 570 3216 Druso
587 3152 678 3216 fratri
692 3173 862 3236 percarum
877 3154 910 3216 in
927 3153 1041 3218 cohor-

127 3259 196 3318 tem
219 3274 309 3318 suam
333 3254 547 3320 transtulerat.
586 3276 683 3320 causa
706 3256 892 3322 offensionis
911 3254 1041 3321 Vistilio

128 3379 187 3422 seu
217 3366 445 3443 composuerat
475 3359 635 3443 quaedam
665 3361 698 3424 in
722 3359 840 3426 Gaium
869 3359 1042 3423 Caesarem

127 3467 163 3525 ut
184 3462 383 3547 impudicum
415 3462 482 3528 sive
511 3463 585 3526 ficto
608 3463 719 3527 habita
741 3462 831 3526 fides.
878 3468 974 3546 atque
998 3463 1039 3527 ob
