2498 4010
337 325 372 362 ΑΒ
387 324 512 364 Excusso
526 325 590 362 DlVl
604 323 731 364 AUGUSTI
745 324 755 362 l
770 324 853 363 lo-rn
1012 320 1044 374 11

136 483 227 547 tione
250 483 305 547 tali
329 483 495 567 dignitatis
519 504 613 567 quam
636 484 713 548 fidei
737 490 822 548 erat:
852 483 1047 566 Tiberioque
1061 509 1082 546 ιο

136 587 235 651 etiam
262 586 295 649 in
317 586 413 651 rebus
436 606 514 670 quas
543 608 610 651 non
640 589 819 670 occuleret,
850 608 907 651 seu
935 592 1049 650 natura

135 691 204 756 sive
237 690 469 772 adsuetudine,
502 711 657 774 suspensa
688 712 816 776 semper
848 697 880 756 et
913 691 1048 755 obscura

134 797 252 862 verba:
282 803 358 860 tuno
380 817 458 861 vero
482 796 605 878 nitenti,
629 802 665 859 ut
687 816 799 860 sensus
822 817 896 861 suos
919 796 1047 879 penitus

135 900 282 982 abderet,
305 900 338 963 in
352 900 510 963 incertum
527 905 559 963 et
574 899 759 980 ambiguum
776 900 880 982 magis
903 898 1046 983 implica-

135 1004 259 1068 bantur.
299 1011 331 1067 at
353 1009 476 1088 patres,
500 1003 615 1087 quibus
638 1023 720 1066 unus
743 1010 848 1068 metus
871 1003 898 1065 si
920 1003 1082 1069 intelle-15

133 1128 214 1191 gere
229 1109 424 1191 viderentur,
448 1109 481 1172 in
497 1113 628 1193 questus
652 1109 799 1172 lacrimas
816 1115 893 1173 vota
909 1108 1046 1188 effundi,

133 1211 179 1276 ad
201 1211 297 1292 deos,
327 1211 368 1275 ad
398 1210 539 1294 effigiem
561 1211 717 1295 Augusti,
748 1211 788 1275 ad
812 1233 918 1296 genua
947 1214 1046 1297 ipsius

133 1336 249 1381 manus
271 1315 416 1396 tendere,
440 1336 512 1380 cum
534 1315 671 1401 proferri
694 1315 838 1380 libellum
854 1318 1046 1402 recitarique

132 1420 238 1484 iussit.
298 1440 376 1505 opes
413 1420 560 1505 publicae
593 1421 856 1504 continebantur,
892 1429 1045 1507 quantum
1111 1413 1114 1422 ’

131 1524 255 1588 civium
275 1525 500 1609 sociorumque
522 1526 555 1589 in
577 1525 684 1609 armis,
707 1530 786 1609 quot
809 1527 927 1590 classes
947 1547 1081 1610 regnam

130 1629 335 1713 provinciae,
368 1629 487 1692 tributa
509 1637 564 1693 aut
586 1629 756 1712 vectigalia
777 1634 812 1694 et
838 1631 1046 1695 necessitates

130 1755 173 1798 ao
194 1734 392 1818 largitiones.
438 1753 521 1818 quae
544 1738 659 1798 cuncta
681 1755 861 1797 sua·manu
888 1735 1046 1819 perscrip-

131 1846 222 1904 serat
237 1838 404 1922 Augustus
427 1837 660 1922 addideratque
684 1839 852 1902 consilium
875 1839 1045 1903 coercendi

130 1944 220 2007 intra
250 1943 404 2007 terminos
433 1942 575 2026 imperii,
612 1943 769 2006 incertum
797 1948 885 2007 metu
919 1964 960 2006 an
988 1963 1046 2026 per

133 2046 303 2112 invidiam.
597 2097 600 2107 ,
1055 2070 1080 2110 aa

204 2151 253 2215 12.
284 2150 374 2216 Inter
387 2173 470 2236 quae
487 2156 601 2216 senatu
614 2151 656 2215 ad
672 2150 796 2215 infimas
813 2152 1046 2215 obtestationes

126 2254 377 2340 procumbente,
401 2255 483 2320 dixit
504 2255 588 2323 forte
611 2256 760 2320 Tiberius
783 2277 817 2320 se
841 2262 876 2319 ut
899 2277 963 2319 non
987 2258 1047 2319 toti

130 2358 183 2422 rei
214 2358 360 2442 publicae
389 2381 520 2444 parem,
553 2361 597 2424 ita
629 2381 850 2444 quaecumque
882 2381 956 2444 pars
987 2359 1047 2423 sibi

131 2463 360 2546 mandaretur,
405 2465 473 2528 eius
518 2464 652 2529 tutelam
697 2470 931 2549 suscepturum.
978 2470 1046 2527 tum

132 2565 266 2631 Asinius
290 2566 402 2632 Gallus
431 2566 616 2652 ,interrogo‘
647 2569 749 2653 inquit
773 2568 922 2651 ,Caesam
951 2589 1068 2653 quamn

131 2677 260 2756 partem
291 2671 339 2736 rei
370 2672 518 2757 publicae
554 2673 698 2736 mandari
728 2673 786 2736 tibi
817 2671 920 2736 velis‘.
974 2693 1046 2756 per-

132 2776 241 2840 culsus
274 2777 435 2864 inprovisa
456 2777 708 2860 interrogatione
739 2778 870 2862 paulum
901 2777 1045 2841 reticuit:

116 2879 212 2958 ¹dein
236 2881 371 2946 collecto
395 2881 502 2946 animo
526 2880 703 2964 respondit,
729 2901 931 2966 nequaquam
949 2881 1045 2945 deco-

130 3004 205 3049 rum
237 2984 351 3068 pudori
382 3005 441 3048 suo
473 2986 584 3068 legere
615 2985 736 3069 aliquid
768 2991 822 3048 aut
853 2987 973 3051 evitare
1004 3006 1046 3049 ex

131 3109 191 3170 eo,
224 3089 274 3153 cui
303 3089 336 3153 in
364 3090 550 3155 universum
581 3090 729 3154 excusari
755 3091 874 3154 mallet.
919 3111 1044 3153 rursum
1055 3113 1080 3150 10

132 3192 248 3258 Gallus
278 3191 410 3273 (etenim
435 3196 525 3258 vultu
553 3194 765 3260 offensionem
795 3194 1045 3275 coniectaverat)

130 3319 198 3363 non
222 3298 340 3366 ideirco
363 3300 597 3384 interrogatum
627 3298 688 3382 ait,
721 3305 756 3362 ut
780 3298 940 3362 divideret
962 3319 1044 3382 quae

131 3403 278 3486 separari
306 3405 492 3488 nequirent:
524 3403 646 3468 scilicet
674 3423 732 3465 sua
763 3403 965 3467 confessione
995 3423 1044 3465 ar·

129 3514 296 3592 gueretur,
319 3528 419 3573 unum
441 3511 489 3574 rei
512 3508 660 3593 publicae
684 3527 800 3592 corpus
821 3508 914 3571 unius
937 3508 1043 3573 animo
