2444 4010
283 307 321 345 sn
334 306 459 346 excussu
472 307 537 346 nnn
550 306 677 347 sueusrr
689 307 720 347 ιν
735 307 794 346 s-s.
930 301 986 358 165

75 465 187 530 dentes
217 468 348 532 honoris
375 468 500 552 locique
524 467 705 550 admonuit,
737 472 769 531 et
792 467 930 531 effusum
952 468 986 530 in

72 569 219 634 lacrimas
256 577 402 635 senatum
436 571 521 635 victo
555 571 678 656 gemitu
711 570 806 634 simul
841 571 1020 636 orationem

73 673 224 738 continua
247 676 367 740 erexit:
395 695 460 738 non
483 675 615 758 quidem
637 674 698 738 sibi
720 675 867 760 ignarum
889 697 985 760 posse

73 779 179 863 argui,
210 779 297 863 quod
326 786 393 844 tam
422 781 543 845 recenti
574 780 687 843 dolore
716 777 851 843 subierit
875 779 985 842 oculos

73 887 220 947 senatus:
243 884 299 947 vix
321 885 576 970 propinquorum
597 884 750 969 adloquia
765 885 906 964 tolerari,
930 885 986 948 vix

72 987 159 1052 diem
186 989 284 1072 aspici
313 1011 332 1052 a
360 989 522 1073 plerisque
549 986 737 1072 lugentium.
782 1009 889 1072 neque
912 989 985 1052 illos

71 1090 290 1155 inbecillitatis
314 1091 531 1156 damnandos:
559 1113 593 1156 se
616 1097 724 1157 tamen
745 1093 880 1157 fortiora
902 1092 985 1156 sola·
996 1112 1022 1152 15

72 1193 120 1257 cia
150 1215 169 1257 e
199 1196 370 1279 complexu
400 1197 447 1260 rei
474 1197 622 1281 publicae
645 1196 810 1280 petivisse.
856 1197 988 1262 misera·

71 1305 188 1382 tusque
205 1299 374 1384 Augustae
398 1306 576 1366 extremam
597 1306 771 1382 senectam,
794 1299 909 1365 rudem
930 1323 987 1367 ne-

69 1409 184 1488 potum
207 1410 239 1469 et
261 1411 450 1489 vergentem
472 1411 613 1471 aetatem
628 1427 728 1487 suam,
751 1410 789 1468 ut
804 1406 986 1470 Germanioi

70 1507 173 1585 liberi,
195 1509 290 1572 unica
313 1509 530 1594 praesentium
549 1511 706 1572 malorum
722 1508 914 1591 levamenta,
937 1509 985 1573 in-

71 1610 266 1675 ducerentur
286 1613 411 1696 petivit.
451 1614 572 1696 egressi
595 1613 745 1678 consules
767 1613 910 1677 firmatos
930 1614 1021 1678 adro

68 1713 180 1798 loquio
195 1715 457 1781 adulescentulos
474 1716 695 1802 deductosque
719 1723 794 1782 ante
814 1716 986 1784 Gaesarem

69 1821 224 1882 statuunt.
263 1820 378 1904 quibus
394 1821 559 1906 adprensis
576 1828 694 1906 ,patres
711 1823 894 1908 conscripti,
917 1823 987 1888 hos‘

68 1923 173 2006 inquit
188 1925 329 2005 ,orbatos
345 1931 479 2008 parente
495 1925 613 1990 tradidi
628 1934 743 2010 patruo
759 1927 901 2011 ipsorum
913 1949 986 2011 pre-

69 2035 223 2111 cetusque
247 2048 332 2111 sum,
362 2050 555 2114 quamquam
579 2036 664 2094 esset
686 2030 732 2094 illi
756 2031 888 2115 propria
909 2032 983 2094 sub-

69 2133 154 2214 oleS,
185 2154 227 2198 ne
262 2154 354 2209 secus
386 2154 482 2218 quam
513 2155 606 2197 suum
638 2135 830 2218 sanguinem
858 2134 1018 2199 foveretur

68 2236 235 2301 attolleret
256 2238 379 2322 sibique
398 2244 431 2302 et
446 2239 584 2323 posteris
602 2237 831 2309 ,conformaret
870 2246 981 2324 erepto

67 2342 175 2407 Druso
206 2365 319 2428 preces
349 2343 390 2407 ad
419 2364 477 2408 vos
507 2347 658 2408 converto
687 2342 800 2427 disque
825 2349 858 2408 et
879 2345 984 2428 patria

67 2468 176 2511 coram
201 2449 358 2514 obtestor:
390 2447 532 2532 Augusti
554 2455 770 2533 pronepotes,
800 2449 983 2514 clarissimis

66 2551 242 2614 maioribus
257 2553 394 2635 genitos,
410 2553 561 2637 suscipite
576 2553 690 2636 regite,
706 2559 848 2618 vestram
858 2564 982 2619 meam·

67 2677 129 2740 que
152 2657 259 2720 vicem
280 2657 419 2742 explete.
456 2657 490 2720 hi
505 2656 607 2738 vobis,
632 2656 663 2720 N
666 2678 721 2720 ero
738 2664 771 2721 et
786 2658 902 2739 Druse,
925 2680 1017 2742 pa-so

66 2766 195 2824 rentum
225 2762 308 2825 loeo.
352 2762 398 2824 ita
427 2761 495 2826 nati
528 2761 620 2843 estis,
652 2767 688 2825 ut
719 2763 804 2826 bona
833 2764 981 2847 malaque

65 2871 174 2929 vestra
197 2865 239 2929 ad
261 2886 331 2929 rem
353 2867 515 2950 publicam
539 2865 744 2951 pertineant‘

132 2971 162 3031 9.
195 2968 313 3051 Magno
331 2991 371 3034 ea
385 2972 463 3035 fletu
479 2977 512 3036 et
526 2992 604 3035 mox
618 2972 855 3057 precationibus
870 2972 981 3035 faustis

66 3073 192 3154 audita3
223 3094 260 3138 ao
287 3073 313 3138 si
335 3073 468 3138 modum
492 3076 628 3140 orationi
649 3076 825 3160 posuisset,
856 3074 980 3139 miseri·

67 3176 179 3241 cordia
206 3177 255 3240 sui
283 3178 451 3261 gloriaque
480 3179 604 3243 animos
634 3179 834 3243 audientium
864 3177 980 3261 imple-

66 3288 173 3346 verat:
206 3283 247 3346 ad
277 3303 357 3346 vana
386 3290 419 3348 ct
447 3284 567 3347 totiens
595 3284 694 3347 inrisa
723 3283 905 3364 revolutus,
939 3279 979 3344 de

67 3384 234 3449 reddenda
256 3407 291 3450 re
314 3387 443 3470 publica
458 3393 557 3471 utque
574 3387 721 3452 consules
738 3406 794 3450 seu
812 3386 882 3470 quis
899 3387 1001 3449 aliusa

66 3490 212 3574 regimen
226 3490 433 3576 susciperent,
449 3512 526 3555 vero
543 3511 671 3575 quoque
688 3496 721 3554 et
731 3491 869 3555 honesto
881 3489 979 3554 fidem
