2444 4010
225 262 280 318 112
540 265 678 306 ooauamr
691 266 789 305 raom

225 424 320 490 dubie
352 425 545 490 Germaniae
576 430 609 489 et
640 425 695 509 qui
723 445 789 489 non
817 423 994 510 primordia
1020 421 1120 506 populi

188 553 214 591 15
223 531 371 613 Romani,
395 530 477 594 sicut
491 530 545 594 alii
561 551 656 615 reges
676 530 848 614 ducesque,
872 529 931 594 sed
946 527 1121 592 florentiani·
1200 543 1201 548 ’

223 656 311 699 mum
325 634 495 718 imperium
505 633 692 718 lacessierit,
708 634 841 718 proeliis
851 633 1030 719 ambiguus,
1045 631 1121 696 bollo

222 759 288 802 non
310 738 423 802 victus.
462 731 587 822 septem
609 742 643 802 ct
664 738 795 822 triginta
818 757 918 802 annos
933 737 1030 818 uitae,
1055 735 1124 828 duo-

224 841 328 906 decim
356 841 522 926 potentiae
552 840 698 926 explevit
726 840 911 924 caniturque
935 841 1042 906 adhuc
1062 841 1125 904 bar-

223 949 316 1012 baras
340 945 425 1031 apud
440 951 565 1030 gentes,
591 945 790 1010 Graecorum
812 944 979 1009 annalibus
996 946 1127 1030 ignotus,

189 1052 278 1137 acqui
301 1053 358 1116 sua
379 1057 504 1116 tantum
526 1051 691 1133 mirantur,
714 1049 871 1114 Romanis
893 1048 981 1112 haud
1001 1047 1127 1132 perinde

225 1157 371 1238 celebris,
408 1156 483 1220 dum
506 1161 627 1232 ,vetera
658 1155 844 1219 extollimus
876 1153 1057 1218 meantium
1087 1153 1129 1215 in·

226 1261 352 1326 curiosi.

579 1384 787 1396 —,.-

433 1563 702 1648 CORNELII
732 1563 925 1647 TAOITI

332 1736 397 1808 AB
425 1735 648 1808 EXOESSU
673 1733 782 1806 DIVI
809 1733 1034 1826 AUGUSTI

576 1887 700 1945 LIBER
719 1887 780 1956 III.

623 2053 727 2062 -ι-

295 2177 322 2240 1.
354 2174 446 2239 Nihil
467 2173 648 2238 intermissa
670 2175 877 2259 nauigatione
900 2174 1027 2239 hiberni
1042 2175 1133 2240 maris

226 2281 406 2367 Agrippina
430 2271 603 2363 Corcyram
625 2279 761 2343 insulam
777 2279 949 2344 advehitur
962 2279 1059 2344 litora
1077 2279 1132 2343 Ca·

225 2385 346 2448 labriae
381 2387 491 2446 contra
522 2382 625 2448 sitam.
670 2382 735 2447 illio
766 2403 886 2467 paucos
917 2383 986 2446 dies
1015 2404 1132 2468 conpo-

225 2486 333 2552 nendo
363 2485 469 2551 animo
500 2485 649 2568 insumit,
678 2485 821 2550 violenta
851 2488 940 2552 luctu
970 2493 1002 2551 et
1030 2487 1134 2553 nescia

204 2591 396 2659 ctolcrandi.
442 2590 572 2654 interim
602 2588 744 2654 adventu
775 2591 844 2654 eius
867 2590 976 2654 audito
1006 2589 1132 2656 intimus

226 2698 361 2781 quisque
380 2693 555 2759 amicorum
572 2698 604 2756 et
619 2693 765 2778 plerique
781 2693 945 2777 militares,
967 2701 1004 2759 ut
1019 2697 1132 2782 quique

225 2800 284 2864 sub
302 2798 492 2862 Germaniae
516 2796 678 2882 stipendia
692 2797 845 2879 fecerant,
868 2797 1024 2881 multique
1041 2799 1133 2863 etiam

225 2904 329 2988 ignoti
350 2901 464 2966 vicinis
488 2921 506 2965 e
529 2900 722 2985 municipiis,
745 2921 819 2985 pars
843 2901 983 2967 officium
1001 2903 1035 2966 in
1050 2903 1133 2988 prin-

227 3008 331 3092 cipem
353 3005 425 3087 rati,
448 3005 557 3088 plures
580 3005 655 3068 illos
678 3005 790 3088 secuti,
813 3025 908 3070 ruere
923 3006 965 3071 ad
982 3008 1133 3092 oppidum

191 3135 216 3174 ro
225 3109 442 3190 Brundisium,
455 3108 542 3193 quod
553 3108 717 3191 naviganti
727 3109 929 3173 celerrimum
936 3110 1133 3174 fidissimum·

225 3237 286 3300 que
310 3214 448 3300 adpulsu
471 3218 549 3278 erat.
587 3219 683 3298 atque
705 3213 761 3277 ubi
774 3213 912 3297 primurn
928 3234 972 3278 ex
987 3215 1052 3279 alto
1068 3215 1133 3280 visa

227 3320 347 3402 classis,
370 3317 572 3402 complentur
594 3337 662 3380 non
683 3315 781 3381 modo
804 3321 918 3399 portus
941 3324 974 3380 et
988 3316 1134 3401 proxima

226 3423 323 3488 maris
356 3422 416 3488 sed
446 3421 575 3488 moenia
606 3442 644 3486 ac
679 3426 765 3487 tecta
794 3441 921 3506 quaque
948 3420 1132 3506 longissime
