2498 4010
300 303 337 342 ΔΒ
351 303 476 345 Excusso
490 305 555 344 DIVI
568 303 696 344 AUGUSTI
709 306 720 343 Ι
734 304 818 344 15-1Ἷ.
972 301 1007 357 15

164 462 213 524 17.
246 461 414 526 Postremo
438 463 596 547 promptis
625 464 687 526 iam
715 469 747 527 et
778 464 848 528 aliis
873 463 1006 529 seditio·

94 566 143 629 nis
174 566 326 630 ministris
355 567 445 631 velut
476 566 754 631 contionabundus
779 566 1007 652 interrogabat,

95 691 150 733 cur
173 670 283 754 paucis
307 670 561 752 centurionibus,
591 671 795 754 paucioribus
817 671 951 736 tribunis
975 673 1007 738 in

55 853 59 858 Ι
94 776 227 839 modum
260 796 426 841 servorum
458 776 658 841 oboedirent.
712 776 840 860 quando
874 798 1007 842 ausuros

95 900 275 965 exposcere
313 879 475 962 remedia,
512 879 574 944 nisi
613 901 734 945 novum
772 886 804 944 et
841 886 1029 946 nutantems

94 984 273 1069 principem
295 984 445 1068 precibus
469 983 522 1048 vel
544 984 641 1048 armis
665 983 815 1048 adirent?
851 985 927 1048 satis
950 1006 1008 1070 per

92 1096 142 1155 tot
172 1109 274 1154 annos
305 1089 434 1172 ignavia
464 1096 652 1173 peccatum,
685 1090 771 1173 quod
801 1090 925 1153 tricena
953 1096 1008 1153 aut

92 1194 301 1279 quadragena
323 1193 483 1278 stipendia
510 1214 604 1259 senes
628 1199 661 1259 et
689 1193 836 1278 plerique
859 1199 1006 1258 truncato

94 1318 230 1382 corpore
275 1298 424 1362 tolerent.
483 1319 525 1362 ne
566 1298 705 1362 dimissis
743 1297 890 1385 quidem·
910 1297 1006 1361 finem

93 1423 164 1466 esse
189 1401 341 1483 militiae,
372 1403 430 1466 sed
454 1401 540 1487 apud
569 1402 724 1466 vexillum
747 1402 919 1467 tendentes
942 1403 1042 1467 alicio

93 1505 252 1570 vocabulo
285 1505 419 1569 eosdem
450 1506 578 1570 labores
608 1506 763 1591 perferre.
808 1528 845 1571 ac
878 1507 904 1571 si
936 1508 1007 1592 quis

93 1615 141 1675 tot
172 1631 264 1674 casus
294 1613 513 1695 superaverit,
543 1611 626 1698 trahi
659 1612 801 1677 diversas
830 1614 862 1677 in
894 1619 1006 1694 terras,

92 1713 148 1778 ubi
180 1733 239 1798 per
275 1734 395 1778 nomen
424 1737 576 1800 agrorum
606 1716 745 1799 uligines
774 1716 927 1800 paludum
953 1719 1007 1781 vel

93 1818 214 1882 inculta
247 1819 403 1884 montium
429 1820 607 1905 'accipiant
659 1821 823 1886 enimvero
860 1821 1006 1884 militiam

92 1922 195 2006 ipsam
221 1942 355 2005 gravem
377 1921 621 1987 infructuosam:
646 1922 738 1987 denis
759 1923 793 1988 in
816 1924 902 1989 diem
927 1926 1005 1988 assi·
1015 1950 1040 1991 15

93 2025 152 2088 bus
189 2024 328 2089 animam
352 2030 386 2090 et
415 2046 531 2110 corpus
559 2026 740 2091 aestimari:
777 2028 851 2093 hino
881 2034 1005 2094 vestem

93 2150 182 2194 arma
219 2129 376 2212 tentoria,
413 2129 487 2195 hinc
528 2130 693 2194 saevitiam
726 2131 949 2196 centurionum
974 2139 1006 2196 et

92 2234 278 2299 vacationes
300 2255 470 2298 munerum
491 2233 617 2298 redimi.
662 2240 695 2297 at
719 2234 851 2298 hercule
871 2235 1007 2300 verbera

93 2345 125 2404 et
150 2339 303 2421 vulnera,
330 2338 444 2403 duram
475 2338 632 2420 hiemem,
667 2339 826 2403 exercitas
856 2346 1007 2420 aestates,

93 2443 215 2508 bellum
252 2431 347 2508 atrox
384 2450 439 2507 aut
468 2442 613 2507 sterilem
649 2463 762 2527 pacem
799 2445 1040 2528 sempiternam

93 2569 154 2613 nec
176 2547 264 2612 aliud
279 2548 496 2612 levamentum
513 2568 609 2631 quam
631 2548 658 2611 si
674 2547 770 2612 certis
784 2549 910 2632 legibus
924 2549 1006 2614 mili·

93 2654 137 2717 tia
152 2653 295 2734 iniretur,
318 2658 354 2715 ut
369 2653 511 2736 singulos
528 2651 678 2716 denarios
700 2660 872 2735 mererent,
895 2661 1006 2716 sextus

94 2757 251 2821 decumus
267 2755 420 2840 stipendii
443 2776 543 2819 annus
565 2757 663 2821 finem
684 2757 835 2840 adferret,
858 2778 899 2822 ne
923 2758 1007 2821 ultra

94 2861 223 2926 vexillis
254 2865 459 2943 tenerentur,
491 2866 540 2925 set
572 2861 675 2925 isdem
706 2862 740 2925 in
773 2863 885 2926 castris
914 2883 1006 2947 prae·

95 2968 194 3030 mium
209 2963 346 3050 pecunia
363 2967 552 3031 solveretur.
594 2987 634 3030 an
650 2967 828 3051 praetorias
845 2967 1040 3049 cohortemur

95 3091 176 3154 quae
200 3069 294 3135 binos
319 3069 467 3135 denarios
490 3071 682 3154 acceperint,
714 3091 795 3154 quae
819 3078 893 3155 post
915 3072 1007 3136 sede-

97 3174 156 3238 cim
181 3194 283 3237 annos
305 3174 476 3258 penatibus
499 3173 564 3237 suis
580 3172 765 3254 reddantur,
788 3176 860 3259 plus
881 3176 1006 3260 pericu-

96 3278 199 3342 lorum
223 3277 409 3362 suscipere?
441 3299 507 3342 non
539 3279 711 3343 obtrectari
742 3280 879 3344 urbanas
909 3301 1007 3344 excu-

98 3381 180 3447 bias:
216 3381 276 3445 sibi
299 3387 407 3446 tamen
429 3381 516 3466 apud
538 3382 685 3446 horridas
708 3388 822 3467 gentes
855 3405 872 3447 e
896 3390 1007 3448 contu-

100 3483 215 3550 bemiis
239 3486 365 3550 hostem
390 3486 500 3570 aspici.
1016 3515 1041 3554 ao
