2482 4014
232 295 288 351 194
560 299 808 340 cenumnrsorrr

294 458 347 521 49.
378 455 515 522 Postera
530 456 583 520 die
599 456 736 521 Sabinus
751 459 930 522 exercitum
945 479 1052 542 aequo
1068 459 1146 523 loco

229 563 380 646 ostendit,
402 565 430 627 si
451 562 579 628 barbari
603 583 752 627 successu
771 565 876 628 noctis
898 564 1019 628 ahares
1043 585 1145 648 proe-

228 669 307 733 lium
335 667 503 734 auderent.
557 674 590 733 et
618 675 789 753 postquam
818 668 951 732 castello
980 675 1037 732 ant
1066 689 1146 732 oon·

228 777 346 839 iunctis
360 774 491 839 tumulis
505 795 572 837 non
588 771 871 856 degrediebantur,
888 773 1049 837 obsidium
1065 793 1144 835 coe·
1238 819 1239 848 g

208 877 277 964 epit
298 899 357 962 per
372 876 542 962 praesidia,
565 897 646 961 quae
663 883 845 960 opportune
858 875 1040 956 muniebat;
1065 875 1144 940 dein
1238 919 1239 948 i

228 981 346 1047 fossam
370 981 566 1065 loricamque
590 989 769 1045 contexens
791 987 942 1066 quattuor
962 981 1051 1045 milia
1065 1003 1142 1066 pas·
1238 1013 1239 1058 1

228 1105 321 1150 suum
345 1085 467 1149 ambitu
485 1084 654 1168 amplexus
668 1085 833 1168 paulatim,
855 1089 892 1148 ut
906 1105 1021 1169 aquam
1036 1087 1142 1170 pabu-
1238 1111 1239 1130 2

227 1189 359 1273 lumque
383 1189 533 1273 eriperet,
558 1187 749 1253 contrahere
767 1188 906 1254 claustra
927 1197 1062 1273 artaque
1078 1191 1142 1254 oir-

228 1292 394 1374 cumdare3
420 1297 452 1357 et
475 1293 656 1357 struebatur
678 1285 794 1375 agger,
815 1292 903 1358 uude
925 1315 1004 1358 saxa
1026 1293 1142 1358 hastae
1238 1291 1239 1360 l

195 1409 220 1448 1⁰
227 1398 321 1482 ignes
343 1396 558 1481 propinquum
580 1397 692 1460 iamin
708 1397 835 1461 hostem
851 1397 1042 1462 iacerentur.
1079 1399 1139 1462 sed

227 1500 308 1565 nihil
323 1519 426 1585 aeque
442 1519 537 1585 quam
552 1500 621 1564 sitis
635 1500 801 1583 fatigabat,
818 1523 890 1565 cum
906 1503 1020 1584 ingens
1031 1504 1141 1566 multi-

227 1604 307 1670 tudo
330 1604 523 1670 bellatorum
546 1604 711 1669 inbellinm
734 1627 798 1670 nuo
821 1607 946 1691 reliquo
961 1607 1051 1673 fonte
1066 1614 1141 1672 ute·

227 1714 354 1792 rentur3
382 1707 477 1772 simul
500 1712 645 1772 armenta
667 1708 758 1772 iuxta
780 1709 889 1773 clausa
909 1718 1057 1792 egestate
1079 1731 1140 1795 pa-

228 1813 295 1878 buli
319 1813 510 1894 exanimari3
534 1811 684 1877 adiacere
707 1833 843 1896 corpora
857 1814 1033 1896 hominnm,
1056 1836 1141 1900 quos

194 1935 220 1974 11⁵
228 1919 369 1998 vulnera,
392 1938 473 2000 quos
489 1917 557 1981 sitis
572 1923 772 2002 peremerat;
795 1918 896 2003 pollui
912 1925 1026 1982 cuneta
1048 1921 1140 1985 sanie

229 2023 330 2088 odore
355 2027 516 2087 contactu.

294 2127 345 2189 50.
376 2125 552 2211 Rebusque
574 2126 710 2190 turbatis
728 2127 847 2192 malum
869 2133 1050 2192 extremum
1073 2127 1140 2192 dis-

229 2229 339 2296 cordia
361 2233 512 2312 accessit,
535 2231 585 2295 his
609 2232 824 2311 deditionem,
852 2233 922 2296 aliis
944 2241 1082 2297 mortem
1108 2241 1141 2297 et

228 2336 313 2399 inter
327 2355 362 2400 se
377 2336 459 2400 ictus
474 2337 673 2421 parantibus3
696 2342 729 2401 et
745 2343 836 2400 erant
852 2338 987 2420 quinon
1001 2336 1140 2400 inultum
1238 2377 1239 2412 i

230 2437 366 2502 exitium
389 2438 448 2503 sed
471 2441 672 2524 eruptionem
694 2439 877 2504 suaderent.
914 2461 1019 2525 neque
1043 2442 1139 2524 igno-

208 2540 311 2606 ⁶biles
333 2541 437 2624 quivis
461 2541 579 2607 diversi
609 2545 793 2622 sententiis,
821 2563 976 2608 verume
1001 2543 1138 2610 ducibus
1238 2535 1239 2540 ¹

229 2643 340 2726 Dinis,
369 2650 541 2729 provectus
570 2652 702 2712 senecta
730 2652 763 2710 at
793 2647 891 2731 longo
919 2668 979 2712 usu
1001 2651 1067 2715 vim
1091 2659 1140 2714 et·
1238 2683 1239 2726 4

230 2769 292 2834 que
306 2749 510 2813 clementiam
518 2749 700 2815 Romanam
715 2751 860 2834 edoctus,
874 2752 1026 2836 ponenda
1041 2775 1141 2837 arma,
1238 2739 1239 2770 ³

229 2873 328 2917 unum
352 2851 487 2917 adflictis
509 2852 544 2917 id
559 2854 739 2921 remedium
762 2855 939 2921 disserebat
954 2859 1142 2944 primusque

230 2977 265 3021 se
288 2978 360 3022 oum
384 2958 522 3040 coniuge
545 2967 578 3024 et
599 2959 709 3024 liberis
724 2960 838 3024 victori
853 2961 1014 3044 permisit:
1038 2965 1143 3027 secuti
1238 2963 1239 3020 l

196 3084 221 3123 ιο
229 3066 337 3126 aetate
366 3067 421 3125 aut
449 3082 529 3126 sexu
559 3064 701 3128 inbecilli
731 3071 764 3130 et
794 3065 908 3150 quibus
931 3067 1032 3129 maior
1054 3066 1141 3132 ritae
1238 3087 1239 3138 i

230 3187 326 3252 quam
353 3166 477 3250 gloriae
506 3168 633 3253 cupido.
678 3173 710 3233 at
732 3169 881 3234 iuventus
902 3169 1035 3235 Tarsam
1056 3171 1143 3237 iuter
1238 3243 1239 3248 γ

231 3277 264 3335 et
278 3270 425 3336 Turesim
442 3271 687 3339 distrahebatur.
714 3273 840 3358 utrique
852 3273 1050 3339 ¹destinatum
1066 3295 1143 3340 cum

230 3371 377 3438 libertate
401 3374 560 3458 occidere,
583 3376 642 3440 sed
657 3377 756 3441 Tarsa
772 3379 1009 3464 properandum
1032 3379 1143 3461 finem,

231 3474 467 3558 abrumpendas
481 3479 600 3560 pariter
615 3500 688 3564 spes
704 3502 741 3545 ac
757 3488 862 3546 metus
874 3483 1036 3548 clamitans
1049 3482 1144 3550 dedit
