2482 4014
282 320 319 358 xa
333 319 459 360 excussu
469 320 537 371 mvi
549 319 677 359 suousm
690 319 722 357 VI
735 319 818 357 22-25.
948 312 1004 368 233

96 476 322 540 conciliaretur
337 476 466 559 Caesar,
481 476 647 541 saevitiam
663 496 758 558 quam
775 477 1004 560 paenitentiam

93 581 216 645 maluit.
608 571 611 576 ⁴

160 687 212 750 24.
246 685 331 760 Quin
347 692 379 749 et
394 685 539 749 invectus
555 684 588 746 in
604 683 789 748 defunctum
806 684 1004 748 exitiabilem

92 791 127 854 in
149 811 240 872 suos,
272 791 431 854 infensum
459 789 507 854 rei
537 789 686 873 publicae
716 789 857 852 animum
888 789 1006 852 obiecit

93 895 289 979 recitarique
318 895 478 959 factorum
509 891 730 974 dictorumque
755 892 823 956 eius
847 892 1008 975 descripta

95 1019 153 1081 per
178 996 247 1062 dies
269 999 379 1080 iussit,
411 1019 474 1082 quo
505 1018 571 1061 non
600 997 687 1060 aliud
716 999 855 1061 atrocius
884 997 1006 1061 visum:

95 1101 261 1166 adstitisse
283 1107 333 1164 tot
356 1123 414 1187 per
438 1122 539 1166 annos
554 1101 608 1185 qui
623 1101 756 1183 vultum,
780 1102 929 1183 gemitus,
954 1119 1029 1164 oc·5

95 1207 219 1271 cultum
235 1205 333 1270 etiam
349 1225 492 1269 murmur
510 1205 696 1288 exciperent
709 1211 742 1269 et
753 1205 897 1290 potuisse
913 1227 1008 1270 avum

96 1311 227 1390 audire,
257 1309 384 1392 legere,
414 1309 447 1372 in
479 1307 643 1393 publicum
667 1291 817 1391 promere
840 1308 896 1372 vix
918 1308 1007 1392 fides,

96 1413 160 1477 nisi
196 1412 282 1496 quod
317 1411 401 1476 Attii
438 1412 632 1477 centurionis
670 1418 703 1476 et
735 1413 870 1497 Didymi
903 1413 1010 1477 liberti

98 1516 254 1602 epistulae
278 1538 444 1582 servorum
466 1517 597 1581 nomina
617 1516 857 1601 praeferebant,
881 1523 917 1580 ut
940 1519 1009 1600 quis

99 1621 321 1704 egredientem
352 1621 498 1686 cubiculo
521 1621 663 1685 Drusum
690 1620 873 1706 pulsaverat
901 1625 1009 1684 exter·
1020 1637 1044 1675 10

98 1733 216 1791 ruerat.
251 1726 349 1790 etiam
372 1746 429 1788 sua
446 1726 543 1790 verba
560 1725 702 1788 centurio
727 1725 880 1788 saevitiae
904 1722 1009 1807 plena,

99 1835 262 1913 tamquam
277 1829 453 1913 egregium,
470 1850 631 1913 vocesque
648 1829 825 1892 deficientis
837 1828 1010 1909 adiecerat,

100 1934 170 2018 quis
195 1933 298 2018 primo
323 1932 551 2018 alienationem
572 1934 688 1998 mentis
711 1933 863 1997 simulans
885 1933 1012 1997 funesta

100 2038 246 2120 Tiberio,
277 2060 371 2121 mox,
403 2038 460 2103 ubi
482 2060 599 2122 exspes
629 2038 714 2102 vitae
737 2038 811 2120 fuit,
841 2037 1011 2101 meditatas

101 2142 361 2226 compositasque
387 2143 472 2206 diras
501 2142 742 2228 inprecabatur,
771 2148 821 2224 ut,
853 2164 947 2226 quem
970 2141 1012 2206 ad
1021 2163 1045 2200 15

100 2246 234 2310 modum
257 2246 389 2312 domum
413 2246 567 2311 caedibus
586 2246 822 2330 complevisset,
836 2247 1011 2330 itapoenas

101 2350 224 2415 nomini
246 2351 405 2414 maiorum
436 2356 468 2415 et
498 2350 636 2435 posteris
662 2350 856 2414 exsolveret.
903 2348 1011 2414 obtur-

102 2455 221 2520 babant
238 2455 367 2538 quidem
384 2461 492 2539 patres
505 2456 612 2539 specie
626 2454 825 2518 detestandi:
844 2454 902 2518 sed
912 2475 1012 2538 pene-

102 2560 208 2624 trabat
230 2581 333 2644 pavor
356 2567 389 2623 et
411 2559 600 2641 admiratio,
634 2558 785 2622 callidum
809 2559 886 2622 olim
910 2565 942 2622 et
964 2565 1013 2623 te-

102 2664 218 2748 gendis
244 2664 419 2728 sceleribus
443 2664 615 2728 obscurum
637 2663 700 2726 huc
723 2662 934 2726 confidentiae
957 2683 1013 2726 ve·
1024 2684 1048 2720 rc

102 2769 205 2850 nisse,
229 2778 265 2834 ut
287 2776 451 2853 tamquam
475 2767 604 2831 dimotis
627 2766 803 2852 parietibus
828 2766 1015 2830 ostenderet

102 2880 258 2959 nepotem
281 2874 339 2938 sub
364 2874 499 2938 verbere
520 2871 726 2953 centurionis,
749 2871 833 2935 inter
849 2890 1015 2934 servorum

103 2978 197 3059 ictus,
222 2986 368 3042 extrema
390 2977 475 3040 vitae
500 2976 655 3039 alimenta
676 2975 793 3038 frustra
817 2978 972 3037 orantem.

169 3083 221 3144 25.
240 3080 395 3145 Nondum
406 3081 431 3143 is
443 3081 537 3145 dolor
550 3078 749 3159 exoleverat,
763 3098 835 3140 oum
846 3076 885 3139 de
896 3075 1015 3159 Agrip-

104 3187 181 3272 pina
204 3186 360 3268 auditum,
383 3206 479 3270 quam
495 3184 665 3249 interfecto
682 3182 799 3246 Seiano
816 3202 873 3264 spe
891 3186 1015 3244 susten-

104 3297 205 3354 tatam
227 3289 408 3373 provixisse
433 3309 506 3352 reor
526 3295 567 3370 et,
591 3293 763 3372 postquam
788 3284 866 3349 nihil
886 3285 926 3348 de
945 3305 1015 3347 sae-

104 3395 184 3462 vitia
205 3393 448 3474 remittebatur,
479 3393 644 3456 voluntate
668 3389 876 3470 exstinctam,
906 3387 1016 3452 nisisi

105 3499 232 3586 negatis
257 3483 414 3563 alimentis
437 3496 648 3561 adsimulatus
670 3499 719 3556 est
740 3492 821 3574 finis,
846 3492 900 3574 qui
922 3491 1036 3562 vide-5
