2498 4010
223 269 262 328 28
301 288 302 291 ¹
555 273 693 317 oosnnmr
707 273 805 314 rioms

188 458 282 504 roseu
303 436 384 501 nihil
406 435 501 501 militi
521 438 589 502 sive
614 437 722 502 omnia
745 435 1008 522 concederentur,
1031 439 1065 504 in
1080 462 1146 505 ans

226 541 315 626 cipiti
328 562 381 607 res
396 540 534 627 publica.
563 541 662 626 igitur
677 542 830 607 volutatis
844 541 1021 608 rationibus
1038 545 1142 628 placi·

226 651 294 711 tum
319 653 355 711 ut
379 645 538 729 epistulae
562 645 694 710 nomine
727 645 881 731 principis
904 647 1146 713 scriberenturr

227 752 412 817 missionem
429 749 497 814 dari
510 749 623 815 vicens
646 749 807 835 stipendia
826 751 959 834 meritis,
983 757 1140 817 exaucto·

227 855 291 920 rari
305 855 360 939 qui
383 875 461 918 sena
476 853 560 919 dena
573 855 725 920 fecissent
740 876 777 919 ac
795 855 926 921 retineri
941 857 1000 923 sub
1015 857 1140 922 vexillo

194 983 219 1022 rs
228 966 409 1023 ceterorum
431 959 581 1023 inmunes
595 959 658 1023 nisi
678 959 887 1044 propulsandi
902 962 1014 1044 hostis,
1030 962 1144 1046 legata

228 1084 310 1148 quae
333 1063 514 1149 petiverant
537 1062 662 1128 exsolvi
686 1063 917 1149 duplicariqus.

294 1169 345 1232 37.
378 1167 486 1232 Sensit
507 1169 599 1233 miles
615 1168 648 1232 in
670 1175 799 1253 tempus
815 1168 951 1234 conficta
966 1171 1142 1256 statimque

228 1271 395 1357 flagitavit.
433 1271 542 1338 missio
557 1293 617 1356 per
631 1272 778 1337 tribunos
798 1279 985 1357 maturatur,
1007 1276 1140 1359 largitio

231 1376 439 1442 differebatur
460 1376 493 1440 in
516 1376 651 1442 hiberna
667 1377 830 1462 cuiusque.
870 1401 937 1444 non
951 1379 1142 1446 abscessere

231 1482 374 1566 quintani
410 1481 778 1567 unetvicensimanique‚
816 1483 921 1550 donec
963 1484 1067 1550 isdem
1105 1485 1141 1550 in

208 1585 359 1650 saestivis
382 1590 611 1694 contractaqex
632 1586 750 1652 viatico
773 1586 949 1652 amicorum
975 1588 1141 1674 ipsiusque

232 1689 380 1755 Caesaris
394 1690 531 1776 pecunia
547 1690 795 1775 persolveretur.
826 1691 962 1776 primam
977 1714 1014 1758 ac
1029 1693 1141 1758 vicen-

231 1795 345 1859 simam
359 1794 506 1878 legiones
518 1793 657 1860 ancine
671 1795 798 1879 legatus
811 1795 845 1860 in
860 1795 1023 1862 civitatem
1038 1797 1144 1864 Ubio-

230 1920 301 1964 rum
323 1897 463 1983 reduxit,
485 1898 571 1983 turpi
593 1883 741 1982 agmineJ
759 1919 832 1964 cum
854 1899 921 1963 fisci
940 1901 1026 1965 inter
1047 1902 1142 1986 signa

232 1989 436 2068 veherentur.
482 2002 692 2068 Germanicus
723 2002 922 2088 superiorem
949 2003 991 2069 ad
1014 2006 1143 2069 exerci-

197 2131 222 2172 so
231 2114 299 2173 tum
321 2107 486 2193 profectus
513 2105 687 2170 secundam
709 2111 743 2170 et
764 2106 893 2171 tertiam
915 2107 1084 2173 decumam
1108 2115 1145 2173 et

232 2218 357 2276 sextam
380 2209 548 2276 decumam
575 2209 721 2294 legiones
743 2210 822 2274 nihil
846 2216 1009 2276 cunctatas
1034 2233 1166 2277 sacra·

232 2321 342 2381 mento
378 2314 488 2398 adigit.
540 2312 822 2398 quartadecumani
855 2314 986 2400 paulum
1013 2314 1144 2380 dubita·

232 2426 363 2485 verant:
394 2417 532 2503 pecunia
551 2425 584 2483 et
605 2417 715 2482 missio
739 2417 884 2502 quamvis
906 2438 971 2484 non
992 2417 1144 2502 flagiten-

232 2525 317 2588 tibus
341 2523 458 2589 oblata.

299 2631 351 2694 38.
373 2625 416 2692 Et
431 2628 465 2692 in
477 2627 615 2692 Chaucis
631 2631 824 2713 coeptavere
840 2627 1032 2693 seditionem
1047 2648 1144 2712 prae·

233 2732 351 2799 sidium
374 2732 532 2815 agitantes
555 2732 715 2797 vexillarii
738 2730 935 2796 discordium
956 2731 1142 2817 legionum:

233 2836 396 2924 praesenti
424 2836 559 2902 duorum
588 2836 726 2901 militum
756 2835 913 2921 supplicio
937 2837 1069 2922 paulum
1091 2857 1147 2902 re-

233 2941 336 3027 pressi
367 2949 451 3006 sunt
496 2941 633 3006 iusserat
662 2941 697 3005 id
719 2939 774 3008 M’.
810 2941 934 3006 Ennius
966 2947 1144 3007 castrorum

212 3047 431 3132 opraefectus,
457 3045 544 3112 hono
567 3045 671 3130 magis
694 3046 845 3131 exemplo
867 3066 964 3130 qnam
987 3065 1144 3110 concesso

234 3152 315 3216 iure.
360 3148 478 3217 deinde
500 3151 734 3216 intumescente
756 3157 847 3216 motu
861 3149 1016 3236 profugus
1031 3169 1146 3234 reper-

233 3261 360 3340 tusque,
382 3261 553 3340 postquam
575 3254 698 3319 intutae
712 3254 868 3339 latebrae,
890 3253 1085 3339 praesidium
1102 3252 1148 3318 ab

234 3359 368 3425 audacia
397 3363 577 3428 mutuatur:
609 3379 676 3424 non
704 3359 901 3444 praefectum
929 3358 969 3423 ab
998 3359 1053 3441 iis,
1083 3359 1143 3424 sed

236 3463 463 3529 Germanicum
486 3462 615 3548 ducem,
647 3463 706 3528 sed
727 3463 893 3529 Tiberium
915 3465 1148 3549 imperatorem*
