2482 4014
337 318 375 357 AB
389 318 514 359 EXCESSU
528 319 593 359 DIVI
605 320 734 360 AUGUSTI
747 321 779 360 VI
792 323 878 361 44-46.
1006 319 1065 376 249

156 498 236 561 quos
261 477 403 542 omiserit
424 480 625 564 receperitve
648 480 680 542 in
698 480 821 544 incerto
843 480 904 545 fuit
924 482 1063 564 obpro·

156 581 311 666 pinquum
340 583 427 647 vitae
456 584 564 648 finem.
609 605 714 669 neque
747 587 833 650 enim
860 588 962 650 multo
992 594 1066 670 post

157 685 296 769 supremi
312 685 442 751 Tiberio
459 689 618 769 consules,
636 687 695 753 On.
710 687 908 753 Acerronius
926 689 963 753 O.
978 689 1065 755 Pon·

156 789 236 872 tius,
267 789 492 872 magistratum
524 811 679 876 occepere
708 793 807 857 nimia
829 793 893 856 iam
922 793 1067 878 potentia

156 894 329 975 Macronis,
353 894 407 977 qui
423 895 560 978 gratiam
576 893 638 958 Gai
655 895 802 961 Caesaris
817 919 991 982 numquam
1007 898 1066 962 sibi
1076 923 1101 960 oo

156 997 339 1082 neglectam
370 984 473 1062 acrius
504 998 538 1062 in
570 998 639 1062 dies
670 1000 800 1065 fovebat
830 1001 1066 1087 impuleratque

156 1108 231 1187 post
253 1109 393 1167 mortem
415 1102 586 1185 Claudiae,
617 1125 712 1187 quam
736 1112 870 1190 nuptam
894 1105 924 1169 ei
946 1106 1066 1187 rettuli,

156 1226 294 1270 uxorem
316 1227 407 1271 suam
422 1205 561 1271 Enniam
577 1208 734 1273 imitando
754 1229 897 1274 amorem
915 1209 1067 1274 iuvenem

156 1311 287 1375 inlicere
316 1315 476 1396 pactoque
505 1313 703 1375 matrimonii
734 1313 869 1395 vincire,
898 1313 979 1378 nihil
1010 1314 1065 1378 ab·

156 1420 319 1497 nuentem,
338 1415 416 1478 dum
431 1415 661 1480 dominationis
676 1417 890 1500 apisceretur3
914 1439 989 1482 nam
1006 1419 1066 1481 etsi
1076 1439 1102 1476 rs

158 1526 337 1584 commotus
367 1518 498 1602 ingenio
530 1509 768 1585 simulationum
798 1529 908 1586 tamen
931 1521 1011 1585 falsa
1032 1521 1065 1585 in

157 1622 227 1686 sinu
250 1622 302 1686 ari
323 1620 551 1705 perdidicerat.

221 1727 273 1788 46.
307 1724 450 1788 Gnarum
473 1725 536 1790 hoc
557 1727 694 1813 principi
716 1750 820 1813 eoque
845 1729 1002 1794 dubitavit
1026 1729 1066 1793 de

157 1829 371 1894 tradendara
394 1830 534 1914 publica,
557 1832 696 1914 primum
718 1833 802 1897 inter
819 1839 965 1917 nepotes,
989 1854 1067 1918 quo-

156 1955 228 1997 rum
249 1933 357 1998 Druso
387 1935 516 2018 genitus
539 1937 696 2018 sanguine
727 1942 760 2000 ct
782 1937 912 2001 caritate
935 1936 1067 2022 propior

159 2036 215 2102 sed
247 2037 393 2100 nondum
425 2037 632 2121 pubertatem
665 2040 844 2124 ingressus,
884 2040 1068 2106 Germanici

156 2141 222 2206 filio
254 2141 353 2206 robur
384 2142 558 2224 iuventae,
590 2144 680 2228 vulgi
711 2145 817 2209 studia
848 2167 950 2230 eaque
980 2144 1088 2230 apuds

157 2265 253 2310 avum
285 2245 352 2310 odii
384 2266 490 2310 causa.
541 2249 639 2312 etiarn
679 2248 719 2313 de
750 2249 887 2313 claudio
922 2249 1066 2333 agitanti,

138 2350 245 2435 ‘quod
267 2349 435 2435 conposita
458 2355 581 2433 aetate,
604 2352 762 2417 bonarum
784 2355 901 2419 artium
922 2355 1066 2438 cupiens,

157 2455 314 2519 inminuta
340 2475 432 2520 mens
464 2454 598 2520 obstitit.
642 2458 692 2520 sin
721 2465 813 2522 extra
836 2457 968 2522 domum
997 2479 1067 2522 suc·

158 2567 494 2645 cessorquaereretur,
509 2582 550 2624 ne
561 2563 718 2626 memoria
729 2562 878 2649 Augusti,
894 2585 935 2629 ne
947 2584 1065 2628 nornen

160 2663 333 2729 (laesarum
364 2665 398 2728 in
426 2662 567 2729 ludibria
596 2671 629 2730 et
663 2669 872 2732 contumelias
902 2674 1067 2732 verterent
1075 2689 1101 2727 10

159 2767 341 2832 metuebat:
372 2769 491 2852 quippe
519 2770 567 2832 illi
596 2790 660 2835 non
685 2772 820 2855 perinde
844 2792 940 2836 curae
962 2773 1067 2854 gratia

158 2874 375 2957 praesentium
398 2895 494 2958 quam
516 2874 550 2938 in
572 2880 721 2958 posteros
739 2875 883 2939 ambitio.
919 2896 998 2939 mox
1017 2875 1065 2937 in·
1157 2926 1162 2936 .

159 2985 265 3042 certus
289 2977 403 3059 animi,
430 2977 516 3043 fesso
540 2997 694 3062 corpore,
718 2979 902 3060 consilium,
934 2978 984 3042 cui
1006 2978 1065 3040 im·

158 3100 226 3164 par,
249 3080 315 3146 fato
339 3082 495 3166 permisit,
518 3082 610 3146 iactis
633 3089 742 3147 tamen
765 3081 898 3147 vocibus
914 3103 972 3167 per
988 3101 1066 3165 quas

158 3184 404 3268 intellegeretur
424 3185 579 3270 providus
601 3187 797 3267 futurorum;
830 3206 967 3270 namque
997 3185 1066 3250 Ma·
1076 3214 1102 3253 15

160 3290 248 3353 croni
288 3310 353 3353 non
390 3289 500 3354 abdita
537 3289 672 3374 ambage
712 3289 912 3355 occidentem
950 3288 1066 3370 deseri,

161 3393 319 3459 orientem
334 3393 472 3478 spectari
486 3394 710 3478 exprobravit:
737 3393 818 3457 Gaio
837 3393 968 3458 ansari
981 3394 1065 3456 forte

158 3518 306 3563 sermone
329 3497 366 3562 L.
390 3497 511 3560 Sullam
534 3498 686 3562 inridenti
712 3501 821 3563 omnia
844 3498 952 3562 Sullae
978 3498 1065 3580 vitia,
