2444 4010
291 287 329 326 AB
343 286 467 326 EXOESSU
482 287 546 325 DIVI
559 285 686 326 AUGUSTI
699 287 721 324 11
735 285 819 325 83-88.
956 281 1009 337 111

105 445 254 530 quaginta
281 466 340 529 per
370 465 470 510 annos
493 466 616 510 summa
639 444 849 510 sanctimonia
870 444 1010 509 Vestali-

105 549 161 613 bus
191 550 288 614 sacris
319 548 543 634 praesederat;
575 549 705 634 egitque
735 553 842 633 grates
870 549 1010 615 Fonteio

103 652 266 739 Agrippae
298 660 330 718 et
360 653 506 719 Domitio
536 653 694 736 Pollioni,
727 653 814 738 quod
844 654 1033 718 offerendos

102 757 182 821 filias
206 757 246 822 de
271 757 375 822 officio
399 759 432 822 in
446 779 516 822 rem
532 757 695 842 publicam
710 763 880 822 certarent.
917 779 1011 843 prae·

91 863 165 932 ¹lata
181 861 338 926 Pollionis
353 863 429 944 filia,
452 883 518 927 non
535 863 575 927 ob
592 861 678 926 aliud
695 882 790 946 quam
806 861 894 946 quod
910 868 1013 928 mater

102 967 134 1030 in
149 967 267 1032 eodem
284 968 433 1052 coniugio
450 967 616 1048 manebat3
632 986 707 1030 nam
718 965 866 1051 Agrippa
875 967 1010 1032 discidio

103 1071 233 1136 domum
255 1072 469 1136 imminuerat.
505 1078 538 1135 et
554 1071 673 1136 Caesar
689 1071 834 1156 quamvis
848 1071 1015 1156 posthabi·.

101 1183 164 1240 tam
189 1177 319 1242 deciens
340 1177 482 1242 sestertii
506 1175 582 1241 dote
607 1177 728 1242 solatus
743 1181 810 1239 est.
1023 1202 1048 1241 ro

164 1281 217 1344 87.
249 1281 424 1346 Saevitiam
447 1303 593 1346 annonae
610 1281 775 1345 incusante
790 1280 886 1364 plebe
902 1282 1013 1346 statuit

99 1382 258 1449 frumento
283 1386 431 1470 pretium,
455 1385 541 1472 quod
563 1391 691 1470 emptor
712 1384 881 1468 penderet,
904 1387 1012 1450 binos·

101 1511 160 1574 que
172 1511 323 1555 nummos
340 1511 373 1556 se
390 1489 575 1555 additurum
591 1489 848 1573 negotiatoribus
860 1491 893 1554 in
903 1490 1011 1574 singu·

99 1595 147 1657 los
169 1594 309 1658 modios.
352 1614 457 1679 neque
480 1602 589 1658 tamen
611 1595 753 1680 parentis
776 1596 899 1679 patriae
924 1597 1012 1660 dela-

13 1767 14 1770 ,
100 1707 166 1764 tum
206 1706 239 1763 et
272 1703 367 1762 antea
398 1698 591 1762 vocabulum
622 1698 800 1784 adsumpsit
831 1701 1034 1784 acerbequea

100 1803 258 1888 increpuit
283 1803 338 1886 qui
360 1801 484 1865 divinas
505 1803 737 1887 occupationes
759 1804 930 1886 ipsumque
953 1803 1011 1866 do-

100 1909 222 1973 minum
247 1905 404 1972 dixerant.
428 1907 527 1992 ,unde
551 1914 686 1993 angusta
710 1903 887 1972 et'lubrioa
910 1909 1011 1973 oratio

101 2013 157 2077 sub
169 2011 327 2098 principe,
344 2012 397 2096 qui
407 2012 591 2076 libertatem
602 2011 777 2095 metuebat,
793 2012 1013 2078 adulationem

102 2115 223 2180 oderat.

163 2221 216 2282 88.
249 2219 392 2304 Reperio
423 2221 510 2306 apud
541 2222 714 2306 scriptores
747 2228 1012 2308 enarratoresque

101 2325 278 2388 eorundem
295 2330 477 2409 temporum
494 2307 729 2411 Adgandestrii
745 2327 898 2412 principis
914 2327 1012 2392 Ohat-

100 2434 205 2495 torum
238 2430 339 2494 lectas
368 2432 402 2495 in
431 2437 546 2497 senatu
568 2433 708 2514 litteras,
738 2432 853 2518 quibus
875 2442 1014 2500 mortem

97 2534 239 2600 Arminii
260 2535 484 2618 promittebat,
507 2535 534 2598 si
556 2535 732 2620 patrandae
755 2538 829 2602 neci
852 2558 1014 2602 venenum

13 2693 14 2696 ,
102 2639 299 2719 mitteretur3
324 2658 580 2724 responsumque
603 2661 669 2706 non
690 2640 804 2705 fraude
826 2662 933 2725 neque
959 2664 1035 2706 oc-rs

103 2743 192 2806 cultis
216 2741 275 2806 sed
296 2741 402 2826 palam
425 2747 458 2806 et
480 2749 638 2807 armatum
657 2745 814 2827 populum
830 2744 1014 2811 Romanum

101 2846 210 2911 hostes
239 2846 361 2911 ulcisci.
407 2867 469 2930 qua
499 2846 603 2931 gloria
626 2847 786 2932 aequabat
809 2870 843 2913 se
866 2849 1013 2914 Tiberius

102 2951 213 3032 priscis
246 2949 507 3035 imperatoribus,
540 2951 595 3034 qui
623 2972 786 3016 venenum
814 2953 848 3017 in
876 2953 1014 3038 Pyrrum

101 3073 212 3136 regem
240 3059 411 3119 vetuerant
439 3053 724 3138 prodiderantque.
777 3064 921 3121 ceterum
949 3056 1014 3120 Ar-

102 3159 216 3224 minius
232 3157 480 3223 abscedentibus
490 3157 644 3224 Romanis
661 3164 695 3223 et
706 3159 799 3244 pulso
809 3160 1012 3226 Maroboduo
1022 3179 1048 3217 1⁰

102 3283 235 3346 regnum
250 3261 412 3327 adfectans
426 3263 610 3326 libertatem
624 3264 828 3348 popularium
843 3263 1013 3328 aduersam
1088 3341 1089 3344 Ἴ

104 3364 222 3448 habuit,
244 3365 428 3449 petitusque
451 3366 547 3430 armis
571 3387 643 3430 cum
664 3368 753 3431 varia
766 3368 895 3432 fortuna
910 3374 1012 3434 certa-

105 3474 167 3552 ret,
196 3469 271 3534 dolo
294 3469 548 3556 propinquorum
578 3469 710 3534 cecidit:
742 3471 897 3536 liberator
926 3473 1013 3539 haud

820 3579 833 3626 q
842 3571 858 3606 ἱ
