2444 4010
232 331 286 387 138
557 335 807 376 conunnurserrr

228 496 322 560 batur
343 503 480 579 utroque
504 494 624 559 bellum
647 495 707 560 sibi
729 501 893 579 poscente.
935 515 1016 560 mox
1037 494 1132 560 Varro

228 600 388 666 invalidus
411 607 542 665 senecta
564 600 687 684 vigenti
709 601 788 665 Silio
813 601 980 665 concessit.

293 705 345 770 44.
377 703 423 767 At
444 703 569 769 Romae
588 725 654 769 non
669 704 829 769 Treveros
844 705 943 768 modo
959 709 992 768 et
1007 701 1137 768 Aeduos
1208 731 1210 740 <

229 809 286 873 sed
308 815 460 893 quattuor
483 813 515 873 et
538 808 707 892 sexaginta
722 807 899 873 Galliarum
922 807 1070 873 civitates
1087 807 1137 872 de-

228 913 369 995 scivisse,
391 913 581 997 adsumptos
602 913 634 976 in
657 913 845 978 societatem
869 914 1061 996 Germanos,
1087 912 1139 976 du·

226 1017 296 1081 bias
318 1017 509 1101 Hispanias,
535 1022 665 1101 cuncta,
689 1025 724 1082 ut
746 1039 817 1082 mos
839 1019 958 1101 famae,
981 1017 1017 1081 in
1038 1017 1139 1080 maius

207 1119 358 1186 acredita.
397 1126 547 1205 optumus
571 1121 704 1206 quisque
727 1121 775 1186 rei
796 1121 945 1206 publicae
961 1143 1040 1186 eura
1055 1143 1156 1202 mae,

226 1225 336 1289 rebat:
358 1225 450 1289 multi
474 1225 548 1290 odio
572 1228 789 1312 praesentium
813 1233 845 1292 et
868 1227 1020 1312 cupidine
1036 1233 1137 1292 muta-

228 1329 323 1392 tionis
346 1329 478 1393 summis
501 1350 629 1415 quoque
652 1331 802 1416 periculis
819 1331 1022 1397 laetabantur
1037 1331 1137 1396 incre-

227 1431 409 1518 pabantque
432 1433 611 1517 Tiberium,
641 1435 728 1519 quod
750 1435 895 1500 intanto
918 1455 1028 1499 rerum
1050 1439 1137 1497 motu

225 1536 342 1602 libellis
372 1544 593 1603 accusatorum
622 1540 798 1605 insumeret
826 1559 967 1624 operam.
1014 1559 1056 1602 an
1083 1538 1134 1604 Sa·
1209 1573 1210 1576 κ

191 1675 216 1712 10
226 1640 385 1705 crovirum
406 1642 580 1706 maiestatis
605 1641 736 1706 crimine
758 1663 849 1707 reum
864 1642 898 1705 in
914 1647 1027 1706 senatu
1045 1641 1134 1706 fore?

225 1745 369 1809 extitisse
393 1745 524 1811 tandem
546 1746 641 1827 viros,
665 1747 719 1831 qui
742 1751 892 1810 cruentas
916 1746 1071 1830 epistulas
1089 1766 1133 1808 ar-

224 1849 283 1912 mis
313 1848 510 1914 cohiberent.
555 1849 705 1914 miseram
731 1871 845 1935 pacem
867 1850 921 1914 vel
943 1849 1031 1913 bello
1055 1849 1132 1914 bene

223 1953 349 2016 mutari.
383 1957 472 2016 tanto
496 1952 660 2038 inpensius
681 1954 715 2018 in
730 1954 934 2018 securitatem
951 1953 1133 2038 conpositus

222 2078 329 2142 neque
352 2059 425 2122 loeo
440 2078 545 2142 neque
560 2058 652 2121 vultu
667 2062 790 2121 mutato
808 2056 865 2123 sed
880 2063 917 2122 ut
932 2057 1065 2121 solitum
1080 2078 1132 2143 per

190 2161 295 2229 raillos
326 2161 393 2226 dies
423 2162 504 2245 egit,
534 2161 704 2226 altitudine
733 2161 846 2245 animi,
877 2184 918 2226 an
947 2169 1133 2247 conpererat
1208 2189 1209 2230 l

223 2265 350 2330 modica
373 2287 443 2332 esse
468 2271 500 2330 et
522 2265 662 2348 vulgatis
685 2266 818 2330 leviora.
891 2275 895 2285 “

288 2370 340 2431 45.
371 2368 506 2434 Interim
520 2369 618 2435 Silius
641 2391 714 2433 cum
734 2370 918 2454 legionibus
942 2368 1069 2434 duabus
1087 2371 1131 2434 in-

223 2472 356 2556 cedens,
386 2472 562 2558 praemissa
591 2473 738 2536 auxiliari
767 2495 863 2538 manu
885 2479 990 2538 vastat
1012 2473 1131 2559 Sequa·

221 2597 337 2641 norum
359 2598 471 2661 pagos,
494 2577 549 2661 qui
571 2576 682 2641 finium
704 2578 843 2642 extremi
866 2582 899 2641 et
914 2576 1041 2642 Aeduis
1061 2599 1131 2643 eon-

221 2680 349 2745 termini
377 2681 519 2765 sociique
546 2680 579 2743 in
605 2681 700 2744 armis
724 2687 825 2746 erant.
869 2703 947 2745 mox
968 2681 1132 2768 Augusto·

149 2869 151 2874 Ι
201 2785 344 2852 aduuum
365 2785 447 2870 petit
469 2806 608 2870 propero
628 2786 765 2869 agmine,
789 2785 985 2850 certantibus
1000 2786 1086 2852 inter
1101 2808 1132 2851 se
1207 2759 1208 2790 ³

220 2891 390 2974 signiferis,
413 2891 571 2955 fremente
590 2889 687 2954 etiam
701 2891 850 2973 gregario
867 2890 979 2968 milite,
1002 2912 1046 2956 no
1063 2912 1132 2955 sue-

220 3002 286 3060 tam
301 2994 454 3080 requiem,
470 3016 510 3060 ne
528 2996 631 3080 spatia
645 2995 789 3060 noctium
804 2995 1024 3080 opperiretur:
1044 2995 1131 3060 ride·

218 3105 292 3164 rent
318 3098 416 3162 modo
440 3097 593 3163 adversos
616 3104 648 3164 et
670 3098 906 3183 aspicerentur3
935 3098 970 3162 id
993 3100 1071 3164 satis
1094 3098 1131 3163 ad

219 3203 396 3269 victoriam.
441 3202 669 3268 duodecimum
700 3203 786 3289 apud
816 3203 956 3289 lapidem
985 3205 1132 3271 Sacrovir

187 3332 212 3371 ro
222 3309 399 3394 copiaeque
429 3307 613 3392 patentibus
634 3307 715 3371 locis
738 3328 929 3392 apparuere.
972 3308 1006 3373 in
1028 3309 1131 3374 fronte
1206 3301 1207 3336 ³

222 3417 377 3476 statuerat
398 3409 550 3494 ferratos,
580 3411 613 3475 in
636 3413 786 3476 cornibus
809 3415 975 3496 cohortes,
999 3436 1018 3479 e
1040 3421 1130 3498 tergo

221 3535 405 3579 semermos.
441 3513 511 3598 ipse
530 3516 614 3580 inter
629 3515 786 3600 primores
802 3538 885 3602 equo
901 3516 1018 3601 insigni
1034 3517 1130 3596 adire,
