2482 4014
233 301 291 358 210
562 305 701 346 conunnn
714 307 812 346 racnu

209 483 296 526 enon
329 463 595 544 subveniebatur,
628 465 808 531 remedium
839 486 881 530 ex
912 464 1012 529 bello.
1058 461 1146 547 rapti

230 568 284 651 qui
313 569 432 632 tributo
463 567 597 634 aderant
627 570 747 635 milites
779 578 811 634 et
843 570 989 655 patibulo
1023 569 1147 634 adfixi:

230 671 385 738 Olennius
399 672 542 738 infensos
552 673 630 758 fuga
640 674 817 759 praevenit,
832 678 983 758 receptus
995 672 1147 753 castello,

229 775 280 840 cui
295 796 412 841 nomen
425 777 577 859 Flevum3
594 783 627 842 et
642 777 728 843 haud
745 777 926 862 spernenda
941 778 1009 842 illic
1024 778 1148 842 civium

229 881 451 966 sociorumque
474 902 585 958 manus
608 882 705 947 litora
727 881 849 947 Oceani
871 881 1093 967 praesidebat.

295 987 345 1050 73.
369 985 465 1061 Quod
483 987 538 1052 ubi
553 986 590 1050 L.
605 984 751 1071 Apronio
767 985 927 1051 inferioris
944 987 1146 1052 Germaniae

226 1110 286 1173 pro
301 1098 452 1175 praetore
467 1091 642 1174 cognitum,
660 1091 783 1156 vexilla
797 1091 964 1174 legionum
980 1112 1000 1154 e
1016 1090 1145 1174 superi·

229 1215 285 1261 ore
307 1194 473 1279 provincia
495 1195 704 1280 peditumque
726 1202 758 1260 et
775 1195 919 1279 equitum
933 1194 1144 1258 auxiliarium

229 1298 373 1364 delectos
406 1299 521 1363 accivit
553 1320 590 1364 ac
623 1300 719 1364 simul
754 1305 924 1383 utrumque
960 1299 1142 1363 exercitum

206 1402 343 1468 sRheno
376 1401 547 1468 devectum
575 1403 687 1467 Frisiis
715 1403 823 1468 intulit
851 1404 958 1467 soluto
987 1403 1055 1467 iam
1086 1405 1142 1469 cb·

227 1507 309 1573 sidio
327 1513 360 1571 et
375 1508 416 1573 ad
431 1528 489 1572 sua
504 1508 639 1572 tutanda
655 1508 808 1591 digressis
823 1507 1011 1572 rebellibus.
1041 1507 1142 1592 igitur

227 1611 375 1696 proxima
404 1611 563 1675 aestuaria
590 1611 762 1694 aggeribus
792 1616 825 1674 et
853 1611 1006 1695 pontibus
1029 1611 1140 1676 madu-

228 1714 330 1780 cendc
354 1716 495 1799 graviori
518 1716 638 1798 agmini
660 1714 774 1778 firmat.
816 1720 912 1799 atque
935 1715 1067 1779 interim
1089 1736 1140 1779 re-

226 1818 328 1903 pertis
351 1818 442 1883 vadis
455 1818 549 1883 alam
565 1818 809 1884 Canninefatem
825 1827 858 1882 et
880 1819 969 1902 quod
992 1819 1140 1905 peditum

194 1945 219 1985 rc
229 1923 463 1988 Germanorum
492 1923 576 1986 inter
604 1927 733 1987 nostros
756 1923 902 1987 merebat
925 1923 1141 2008 circumgredi
1230 1955 1231 1964 ¹

227 2035 318 2110 terga
333 2026 473 2090 hostium
488 2026 587 2108 iubet,
604 2026 659 2110 qui
672 2026 736 2091 iam
748 2027 817 2090 acie
831 2027 1003 2112 compositi
1013 2029 1139 2113 pellunt

226 2137 348 2195 turmas
385 2130 520 2194 sociales
558 2130 747 2214 equitesque
787 2131 954 2214 legionum
993 2132 1138 2197 subsidio

226 2235 351 2302 missos.
388 2240 457 2297 tum
472 2240 537 2298 tres
551 2234 641 2298 leves
661 2234 811 2299 cobortes
833 2255 871 2298 ac
893 2255 1019 2298 rursum
1043 2236 1138 2319 duae,

228 2339 304 2402 dein
332 2344 479 2421 tempore
509 2338 678 2402 interiecto
702 2340 819 2404 alarius
843 2360 942 2423 eques
970 2339 1136 2406 inmissus:

193 2443 303 2506 resatis
317 2443 426 2526 validi,
449 2442 475 2506 si
491 2442 586 2507 simul
601 2443 829 2526 incubuissent,
851 2465 912 2528 per
931 2447 1137 2512 intervallum

226 2545 438 2611 adventantes
453 2566 559 2631 neque
572 2549 783 2613 constantiam
799 2549 991 2614 addiderant
1002 2551 1136 2615 turbatis

227 2656 260 2715 et
282 2671 401 2734 pavore
425 2649 616 2734 fugientium
632 2652 870 2718 auferebantur.
909 2653 1058 2738 Cethego
1074 2655 1134 2720 Ia-
1228 2699 1229 2711 .

225 2754 323 2819 beoni
338 2756 447 2837 legato
464 2754 594 2839 quintae
609 2755 747 2841 legionis
763 2756 851 2842 quod
869 2758 1028 2842 reliquum
1043 2759 1134 2823 auxi-

225 2860 342 2923 liorum
364 2858 471 2923 tradit.
509 2864 604 2943 atque
621 2859 676 2924 ille
700 2860 798 2925 dubia
816 2882 948 2927 sucrum
963 2883 999 2926 re
1023 2863 1057 2927 in
1078 2885 1133 2928 au·

192 2985 302 3048 auceps
326 2970 445 3029 tractus
467 2964 571 3028 missis
586 2965 706 3029 nuntiis
722 2965 787 3029 vim
804 2966 969 3048 legionum
992 2967 1132 3050 inplora·
1227 2989 1228 3038 1

225 3068 289 3133 bat.
318 3074 531 3153 prorumpunt
544 3068 687 3152 quintani
702 3074 777 3133 ante
792 3070 874 3133 alios
890 3075 922 3135 et
945 3072 1010 3135 acri
1026 3091 1133 3155 pugna
1227 3055 1228 3077 ¹

224 3173 317 3238 hoste
341 3172 433 3256 pulso
457 3171 616 3257 recipiunt
632 3172 774 3239 cohortis
796 3173 926 3257 alasque
941 3173 1041 3239 fessas
1064 3175 1131 3238 vul·

224 3276 365 3340 neribus.
401 3296 507 3360 neque
532 3275 598 3338 dux
613 3275 781 3341 Romanus
804 3277 907 3341 ultum
929 3277 966 3340 iit
987 3282 1042 3342 aut
1064 3299 1132 3342 cor·
1226 3307 1227 3330 r

224 3399 305 3460 pora
326 3379 479 3460 humavit,
503 3400 696 3463 quamquam
717 3380 810 3443 multi
825 3379 1027 3444 tribunorum
1042 3401 1131 3465 prae·

191 3481 444 3565 electorumque
474 3489 507 3548 et
534 3483 678 3565 insignes
701 3484 905 3548 centuriones
928 3483 1126 3549 cecidissent.
