2444 4010
258 305 294 343 AB
309 303 434 344 axonssn
447 303 512 343 mvi
526 303 652 343 rueusrr
665 303 699 342 111
713 303 799 342 rv-so.
925 298 979 354 141

141 467 192 531 49.
227 466 307 530 Fine
343 465 418 529 anni
450 463 630 528 Clutorium
660 463 806 526 Priscum
843 463 985 547 equitem

77 571 257 635 Romanum
285 575 359 655 post
388 568 515 634 celebre
540 589 684 648 carmen,
715 587 778 651 quo
804 565 986 631 Germanici

78 695 225 760 suprema
251 674 440 755 defleverat,
470 672 607 757 pecunia
629 671 783 735 donatum
805 691 824 734 a
847 661 985 735 Caesare

78 778 229 862 corripuit
259 777 383 841 delator
414 775 578 840 obiectans
601 795 698 858 aegro
722 775 830 840 Druso
854 795 985 859 compc-

77 883 177 947 suisse
200 882 304 967 quod,
334 882 360 946 si
384 881 544 946 extinctus
566 881 666 961 foret,
695 878 818 944 maiore
841 879 1009 964 praemio⁵

76 989 271 1074 vulgaretur.
315 987 349 1050 id
379 987 542 1053 Clutorius
574 986 606 1049 in
639 984 735 1048 domo
766 985 803 1049 P.
832 985 986 1067 Petronii,

77 1115 169 1158 socru
201 1092 269 1157 eius
300 1091 434 1157 Vitellia
462 1111 570 1154 coram
599 1088 772 1173 multisque
802 1087 988 1152 inlustribus

76 1197 217 1279 feminis,
247 1217 305 1281 per
334 1195 606 1280 vaniloquentiam
628 1193 758 1258 iecerat.
803 1199 839 1257 ut
863 1193 988 1257 delator

77 1302 197 1385 extitit,
224 1301 355 1386 reliquis
379 1300 420 1364 ed
444 1298 616 1364 dicendum
638 1298 858 1364 testimonium
881 1302 987 1362 exter·

75 1408 143 1472 ritis
174 1407 243 1470 sola
265 1405 398 1470 Vitellio
425 1405 505 1469 nihil
532 1425 566 1469 se
591 1401 1024 1468 audivisseadseveravit.1o

77 1510 134 1576 sed
157 1509 365 1595 arguentibus
388 1509 430 1573 ad
452 1508 627 1594 pernicicm
649 1509 721 1592 plus
742 1506 819 1571 fidei
841 1506 901 1570 fuit
916 1527 988 1570 sen·
1067 1549 1069 1552 -

76 1614 240 1699 tentieque
264 1611 391 1678 Haterii
405 1611 571 1698 Agrippae
594 1611 734 1675 consulis
757 1611 916 1695 designati
939 1611 986 1674 in-

77 1719 198 1782 dictum
219 1739 275 1782 reo
299 1718 447 1782 ultimum
468 1717 670 1803 supplicium.

141 1822 193 1886 50.
227 1820 347 1886 Contra
368 1819 423 1886 M’.
446 1820 590 1905 Lepidus
612 1821 644 1884 in
667 1822 752 1886 hune
774 1820 907 1884 modum
929 1841 985 1884 ex-

77 1947 169 1990 orsus
193 1930 256 1989 est:
280 1925 334 2008 ,si,
357 1932 465 2010 patres
488 1924 669 2010 conscripti,
692 1946 791 1988 unum
813 1925 847 1989 id
862 1931 987 2010 specta·

76 2052 156 2114 mus,
181 2052 276 2115 quem
291 2030 412 2095 nefaria
425 2051 505 2096 voce
524 2030 686 2095 Clutorius
701 2030 830 2095 Priscus
845 2036 987 2096 mentem

77 2155 167 2200 suam
196 2139 229 2198 et
251 2155 344 2199 aures
366 2133 533 2198 hominum
554 2135 721 2219 polluerit,
749 2155 854 2220 neque
880 2156 987 2200 career

77 2259 182 2322 neque
210 2237 358 2322 laqueus,
389 2259 430 2304 ne
460 2239 591 2305 serviles
621 2239 752 2324 quidem
775 2241 932 2304 cruciatus
955 2240 1010 2304 ios

78 2363 151 2406 eum
167 2341 362 2406 suffecerint.
394 2341 444 2406 sin
457 2343 578 2428 flagitia
592 2351 626 2408 et
640 2343 782 2408 facinore
797 2343 865 2408 sine
880 2344 989 2427 mode,

79 2446 242 2531 suppliciis
272 2467 309 2511 ao
339 2446 489 2512 remediis
512 2447 663 2533 principis
685 2446 865 2512 moderatio
888 2448 989 2513 maio-

79 2569 213 2634 rumque
244 2553 277 2614 et
305 2554 413 2615 vestre
436 2552 587 2635 exempla
608 2557 790 2636 temperent
813 2558 846 2615 et
867 2572 990 2616 venae

80 2653 233 2736 scelestis,
259 2653 344 2718 dicte
359 2674 378 2717 a
392 2654 556 2718 maleficiis
571 2654 732 2738 differunt,
749 2662 798 2720 est
812 2657 902 2719 loeus
917 2676 989 2719 sen-

81 2756 216 2839 tentiae,
244 2777 303 2842 per
332 2777 428 2841 quam
455 2779 560 2842 neque
588 2759 662 2824 huie
686 2759 839 2824 delictum
860 2759 1025 2842 impunem

83 2859 119 2926 sit
143 2866 176 2926 et
192 2881 253 2924 nos
269 2861 458 2926 elementiae
474 2862 568 2926 simul
584 2884 621 2928 ac
637 2864 817 2929 severitatis
833 2884 898 2928 non
914 2885 990 2949 pae-

83 2965 189 3030 niteat.
227 2985 324 3050 saepe
347 2966 456 3030 audivi
473 2966 650 3053 principem
666 2973 927 3054 conquerentem,
949 2969 990 3032 si-

85 3069 152 3152 quis
183 3075 310 3155 sumpta
341 3076 446 3136 morte
479 3071 731 3137 misericordiam
761 3071 991 3159 praevenisset.

85 3171 147 3236 vite
168 3171 305 3238 Clutorii
333 3175 366 3238 in
395 3175 538 3260 integre,
570 3175 625 3261 qui
654 3197 759 3262 neque
788 3181 933 3240 servatus
958 3175 992 3238 in

87 3277 259 3359 periculum
280 3277 328 3342 rei
345 3277 491 3363 publicae
507 3299 613 3364 neque
629 3280 816 3344 interfectus
831 3279 865 3343 in
881 3299 989 3343 exem·
1000 3302 1026 3341 rs

88 3380 170 3462 plum
197 3381 265 3447 ibit.
311 3381 417 3445 studia
445 3382 505 3465 illi,
534 3388 571 3446 ut
591 3385 688 3468 plena
710 3382 916 3465 vaecordiae,
946 3383 991 3448 ite

89 3482 188 3552 inania
216 3492 249 3552 et
277 3487 381 3569 fluxa3
410 3508 471 3552 nee
500 3489 670 3573 quiequam
691 3508 790 3572 grave
813 3508 849 3551 ec
872 3486 991 3552 serium
