2444 4010
296 319 334 358 aa
348 318 475 360 excussu
488 319 554 361 mvr
568 320 696 362 sucusur
710 321 733 362 11
747 324 831 364 as-aa
979 323 1016 379 83

98 486 188 545 tasse
218 478 348 564 opibus,
379 480 498 545 iuvisse
531 481 671 546 consiliis
702 482 900 568 dicerentur,
929 487 1017 553 haud

97 585 292 670 quaesitum.
897 594 900 599 '

168 691 220 752 41.
251 689 331 755 Fine
361 691 436 755 anni
465 712 557 756 arcus
586 697 721 778 propter
750 693 863 758 aedem
889 693 1016 759 Saturni

98 794 144 860 ob
172 799 303 877 recepta
331 793 423 877 signa
451 815 523 859 cum
548 793 637 860 Varo
668 796 783 862 amissa
813 797 909 862 ductu
934 797 1014 862 Ger·

101 898 231 981 manici⁷
252 898 402 983 auspiciis
417 898 537 963 Tiberii
562 905 595 964 et
613 899 712 966 aedes
727 901 834 966 Fortis
850 901 1014 967 Fortunae

96 1003 242 1068 Tiberim
273 1003 364 1068 iuxta
394 1003 427 1066 in
459 1004 577 1087 hortis,
613 1026 692 1089 ques
726 1005 845 1070 Caesar
877 1004 1015 1070 dictator

97 1108 221 1193 populo
239 1106 388 1171 Romane
412 1106 587 1191 legaverat,
610 1109 784 1174 sacrarium
806 1111 895 1194 genti
911 1109 1036 1174 Iuliaee

95 1212 287 1297 effigiesque
311 1210 385 1276 divo
409 1210 558 1296 Augusto
582 1212 669 1298 apud
691 1211 835 1280 Bovillas
859 1214 1013 1279 dicantur.

167 1316 203 1382 O.
221 1316 331 1382 Caelio
347 1315 385 1381 L.
402 1317 582 1402 Pomponio
601 1318 785 1384 oonsulibus
803 1318 1014 1384 Germanicus

96 1422 220 1487 Caesar
242 1443 270 1487 a.
286 1422 316 1486 d.
332 1421 409 1486 VH.
425 1421 498 1487 Kal.
516 1422 624 1486 Iunias
645 1423 853 1508 triumphavit
869 1422 909 1486 de
928 1423 1012 1488 ehe-

95 1526 199 1590 rusois
216 1525 404 1611 Chattisque
428 1532 460 1592 et
475 1525 677 1610 Angrivariis
696 1548 842 1612 quaeque
858 1527 940 1592 aliae
956 1547 1012 1591 na·

94 1630 203 1695 tiones
218 1650 320 1714 usque
336 1630 378 1694 ad
387 1629 498 1695 Albim
514 1632 634 1696 colunt.
661 1638 754 1696 vecta
766 1632 870 1717 spolia
882 1632 1011 1716 captivi,
1022 1651 1047 1691 10

97 1735 266 1799 simulacra
289 1735 447 1800 montium
468 1736 635 1800 fluminum
659 1736 856 1820 proeliorum
875 1734 1011 1798 bellum·

97 1861 168 1924 que,
184 1841 258 1924 quia
272 1839 428 1906 conficere
439 1840 619 1926 prohibitus
632 1844 711 1922 erat,
727 1859 786 1924 pro
800 1839 946 1903 consecto
959 1859 1011 1902 ac·

98 1943 286 2028 cipiebatur.
325 1944 486 2009 alliciebat
508 1944 700 2008 intuentium
725 1945 810 2008 visus
827 1943 947 2007 eximia
961 1943 1010 2028 ip-

97 2049 161 2112 sius
177 2049 302 2133 species
319 2069 493 2133 currusque
506 2049 646 2133 quinque
658 2048 768 2112 liberis
781 2053 924 2112 onustus.
953 2045 1011 2112 sed

97 2155 227 2218 suberat
244 2154 370 2220 occulta
384 2152 523 2219 formido
537 2153 759 2237 reputantibus
775 2151 862 2216 haud
874 2172 1008 2237 prospe·
1020 2174 1045 2216 15

99 2277 168 2320 rum
197 2256 230 2324 in
255 2252 362 2323 Druso
392 2263 484 2342 patre
509 2257 654 2322 favorem
679 2258 785 2342 vulgi,
818 2257 1011 2322 avunculum

101 2361 241 2427 eiusdem
257 2362 446 2428 Marcellum
462 2360 671 2446 flagrantibus
686 2361 789 2447 plebis
801 2360 915 2425 studiis
926 2363 1010 2426 intra

100 2464 258 2532 iuuentam
281 2473 438 2552 ereptum,
460 2466 577 2531 breves
594 2473 627 2530 et
642 2466 798 2531 infaustos
813 2465 927 2551 populi
941 2464 1008 2528 Ro·

100 2571 180 2634 mani
203 2592 341 2638 amores.

161 2677 210 2739 42.
242 2676 395 2742 Ceterum
409 2676 557 2743 Tiberius
580 2677 711 2742 nomine
735 2674 919 2740 Germanici
942 2681 1007 2738 tre·

102 2797 193 2846 cenos
207 2783 296 2868 plebi
311 2782 477 2847 sestertios
492 2781 609 2848 viritim
627 2780 718 2846 dedit
734 2801 832 2864 seque
849 2779 1008 2863 collegam

100 2886 272 2951 consulatui
295 2886 477 2951 destinavit.
518 2907 578 2952 nec
601 2885 675 2950 ideo
700 2885 844 2949 sincerae
868 2884 1008 2949 caritatis

99 2985 192 3053 fidem
203 2991 374 3055 adsecutus
385 2990 511 3054 amoliri
520 2989 672 3055 iuvenem
681 2989 790 3074 specie
800 2988 933 3053 honoris
944 2995 1006 3052 sta-

101 3091 157 3154 tuit
167 3095 343 3179 struxitque
357 3115 467 3159 causas
479 3099 534 3158 aut
545 3094 629 3158 forte
643 3094 767 3158 oblatas
779 3093 922 3179 arripuit
948 3114 1028 3157 roxa

102 3191 270 3264 Archelaus
298 3200 621 3283 quinquagensimum
651 3220 771 3263 annum
801 3196 1008 3284 Cappadocia

102 3300 282 3386 potiebatur,
304 3302 425 3367 invisus
447 3303 588 3384 Tiberio,
613 3303 699 3386 quod
723 3303 832 3368 Rhodi
855 3307 1005 3386 agentem

103 3401 182 3466 nullo
197 3405 298 3471 officio
315 3407 478 3472 coluisset.
509 3427 569 3472 nec
582 3407 615 3470 id
628 3407 810 3472 Archelaus
822 3428 881 3492 per
894 3427 1006 3492 super·

104 3501 180 3573 biam
208 3513 372 3595 omiserat,
402 3513 461 3578 sed
484 3514 522 3577 ab
546 3512 667 3576 intimis
690 3511 832 3595 Augusti
855 3511 1006 3593 monitus,
