2482 4014
302 329 339 366 AB
353 327 477 368 Excusso
491 327 556 367 DIVI
568 328 695 368 AUGUSTI
707 327 739 367 VI
752 329 835 368 ³2-35.
964 324 1018 379 241

288 399 294 420 ι

111 485 182 549 sola
204 485 237 549 in
259 485 367 568 equite
390 487 469 550 vis:'
487 487 721 552 Pharasmanes
744 497 777 553 et
799 490 909 574 pedite
932 491 1019 554 vale-

112 590 180 654 bat.
223 611 298 654 nam
319 590 436 654 Hiberi
458 589 640 676 Albanique
669 594 828 658 saltuosos
857 595 948 658 locos
972 595 1020 657 in-

115 695 257 758 colentes
286 693 422 759 duritiae
445 697 684 781 patientiaeque
708 699 810 782 magis
832 699 1019 778 insuevere3

113 798 282 883 feruntque
306 821 340 863 se
355 799 516 863 Thessalis
535 806 632 883 ortos,
657 824 719 886 qua
734 808 929 887 tempestate
945 803 1019 866 Iaso
1031 819 1055 856 10

111 907 187 986 post
200 910 345 968 avectam
357 902 508 968 Medeam
522 905 651 968 inanem
666 927 744 971 mox
759 908 882 991 regiam
892 906 1019 972 Aeetae

111 1026 296 1089 vacuosque
308 1005 446 1070 Colchos
461 1007 622 1091 repetivit.
653 1008 816 1093 multaque
834 1009 874 1074 de
890 1010 1020 1073 nomine

114 1111 183 1174 eius
206 1118 238 1174 et
262 1110 404 1173 oraclum
425 1110 539 1174 Phrixi
563 1112 740 1195 celebrant3
771 1135 831 1178 nee
853 1114 1021 1196 quisquam
1097 1184 1101 1190 ¹

114 1215 215 1280 ariete
232 1215 468 1298 sacrificaverit,
485 1217 607 1280 credito
624 1217 751 1281 vexisse
765 1217 933 1298 Phrixum,
953 1218 1021 1281 sive

114 1319 148 1382 id
173 1321 293 1384 animal
320 1342 377 1385 seu
407 1321 497 1384 navis
528 1322 654 1404 insigne
682 1322 752 1385 fuit.
798 1329 940 1386 ceterum
965 1320 1056 1386 de-15
1092 1305 1095 1310 ¹

113 1430 203 1487 recta
231 1425 392 1509 utrimque
422 1424 490 1488 acie
513 1425 652 1489 Parthus
680 1426 850 1510 imperium
881 1425 1022 1507 orientis,

116 1527 339 1592 claritudinem
372 1527 601 1593 Arsacidarum
637 1536 812 1614 contraque
845 1531 1022 1614 ignobilem

113 1632 274 1696 Hiberum
295 1634 516 1698 mercennario
541 1634 642 1697 milite
667 1633 860 1714 disserebat3
886 1633 1023 1718 Pharas·
1102 1627 1104 1632 ’

115 1757 227 1801 manes
242 1737 386 1817 integros
399 1744 501 1801 semet
516 1737 695 1800 aParthico
710 1736 886 1818 dominatu,
904 1742 1022 1819 quanto

115 1840 238 1903 maiora
271 1847 435 1923 peterent,
467 1841 539 1925 plus
570 1841 696 1906 decoris
725 1841 863 1905 victores
893 1846 964 1917 aut,
998 1840 1023 1902 si
1032 1866 1059 1904 20

116 1950 208 2028 terga
231 1941 351 2026 darent,
375 1945 487 2029 flagitii
502 1952 598 2029 atque
618 1945 753 2030 periculi
768 1945 904 2026 laturos;
929 1944 1023 2007 simul

34 2109 39 2120 ,
113 2045 278 2111 horridam
309 2068 442 2111 suorum
475 2049 593 2131 aciem,
625 2049 712 2133 picta
742 2071 821 2113 auro
851 2048 1023 2113 Medorum

115 2152 254 2235 agmina,
278 2152 353 2215 hinc
375 2153 471 2233 viros,
494 2153 568 2217 inde
592 2153 747 2237 praedam
771 2150 952 2216 ostendere.

180 2256 232 2318 35.
262 2255 436 2320 Enimuero
467 2256 554 2340 apud
583 2256 744 2320 Sarmatas
772 2277 837 2320 non
865 2277 928 2319 una
957 2276 1023 2319 vox

115 2356 222 2422 ducis:
256 2379 290 2422 se
313 2359 447 2443 quisque
475 2360 640 2424 stimulant
665 2381 705 2424 ne
728 2381 869 2446 pugnam
892 2381 951 2445 per
972 2381 1023 2422 sa·

114 2462 211 2544 gittas
250 2461 409 2527 sinerent:
446 2464 571 2548 impetu
611 2472 644 2528 et
675 2466 851 2529 comminus
889 2485 1021 2549 praeve·

114 2565 277 2631 niendum.
322 2568 431 2631 variae
460 2567 534 2632 hinc
563 2568 750 2632 bellantium
780 2569 920 2654 species,
950 2590 1022 2632 cum

116 2668 252 2734 Parthus
275 2673 365 2755 sequi
387 2672 440 2736 vel
458 2672 571 2756 fugere
594 2673 663 2757 pari
685 2679 754 2736 arte
777 2679 886 2736 suetus
910 2672 1044 2735 distre-5

116 2775 208 2844 heret
230 2782 366 2858 turmas,
390 2777 528 2861 spatium
550 2776 665 2840 ictibus
689 2784 871 2860 quaereret,
894 2775 1020 2839 Sarma·

114 2884 166 2942 tae
185 2880 302 2945 omisso
318 2902 404 2962 arcu,
419 2903 481 2965 quo
498 2880 625 2945 brevius
641 2882 759 2962 valent,
777 2881 879 2945 contis
889 2879 1021 2962 gladiis-

115 3002 178 3065 que
201 2989 349 3065 ruerent;
384 2985 482 3048 modo
514 2984 628 3051 frontis
659 2992 691 3050 et
720 2987 803 3070 tergi
831 2986 934 3065 vices,
963 2986 1020 3048 ali-

115 3085 243 3169 quando
273 3088 461 3173 corporibus
491 3095 523 3153 et
552 3090 647 3175 pulsu
670 3110 833 3152 armorum
863 3088 1022 3173 pellerent

114 3191 325 3273 pellerentur.
369 3193 496 3276 iamque
521 3200 553 3256 et
575 3192 693 3256 Albani
716 3192 895 3276 Hiberique
925 3213 1020 3276 pren·
1030 3217 1054 3255 10

114 3314 186 3357 sare
218 3294 408 3378 detrudere,
438 3297 611 3380 ancipitem
639 3317 781 3381 pugnam
807 3295 953 3360 hostibus
975 3295 1020 3358 fa-

114 3418 199 3479 cere,
224 3420 302 3482 quos
325 3419 422 3484 super
445 3421 543 3484 eques
562 3407 595 3463 et
612 3399 816 3485 propioribus
834 3399 1025 3464 uulneribus⁴

115 3501 241 3585 pedites
256 3502 470 3566 aelictabant.
503 3504 586 3567 inter
598 3523 679 3587 quae
689 3503 923 3566 Pharasmanes
936 3502 1019 3566 Oro·

166 3613 286 3652 Cornelius
300 3613 401 3653 Tacitus.
420 3615 437 3654 1.
833 3610 866 3658 14
