2444 4010
169 311 207 368 82
496 313 745 353 connnnnracrm

168 473 200 537 in
234 472 398 538 dominum
429 477 507 536 erat.
552 475 621 534 tum
648 491 707 557 per
736 471 874 536 idoneos
904 477 938 537 et
966 474 1090 536 secreti

169 579 273 643 socios
285 577 459 642 crebrescit
469 577 578 641 vivere
590 575 780 661 Agrippam,
798 577 932 642 occultis
945 577 1091 660 primum

133 705 158 744 rs
167 682 385 764 sermonibus,
413 687 450 744 ut
471 679 571 744 vetita
595 679 717 761 solent,
744 700 823 743 mox
844 699 929 763 vago
953 701 1090 745 rumore

167 787 266 872 apud.
282 785 504 870 inperitissimi
533 785 686 868 cuiusque
715 791 897 870 promptas,
912 806 1006 850 aures
1028 792 1092 850 aut

167 913 292 956 rursum
315 890 402 976 apud
424 890 571 955 turbidos
596 909 700 974 ecque
718 909 804 955 nova
819 890 996 974 cupientes.
1034 895 1090 954 at·

168 1017 229 1080 que
252 997 322 1078 ipse
346 995 434 1060 adire
457 995 630 1079 municipia
651 995 787 1059 obscuro
805 993 870 1058 diei
885 1015 991 1079 neque
1007 1015 1090 1078 pro-

166 1099 274 1184 palam
296 1099 397 1184 aspici
418 1119 523 1183 neque
548 1097 668 1162 diutius
689 1099 794 1163 isdem
817 1099 907 1181 locis,
931 1099 989 1162 sed
1008 1099 1092 1182 quia

131 1203 285 1268 mneritas
307 1202 379 1266 visu
401 1208 434 1266 et
456 1222 556 1284 mora,
578 1202 659 1266 falsa
681 1201 887 1268 festinatione
905 1210 938 1268 et
952 1203 1091 1268 incertis

166 1307 342 1388 valescunt,
366 1306 568 1390 relinquebat
589 1306 709 1371 famam
732 1312 787 1370 aut
810 1305 1050 1390 praeveniebat.

232 1412 284 1474 40.
313 1409 518 1495 Vulgabatur
539 1412 667 1477 interim
689 1433 749 1497 per
770 1411 899 1476 Italiam
921 1419 1090 1476 servatum

167 1535 299 1579 munere
317 1515 413 1580 deum
427 1513 617 1601 Agrippam,
633 1516 826 1581 credebatur
840 1516 981 1598 Romae;
1005 1517 1090 1580 iam-

167 1641 229 1706 que
254 1619 378 1685 Ostiam
407 1621 571 1685 inveotum
599 1621 771 1686 multitudo
795 1620 928 1704 ingens,
957 1621 1021 1684 iam
1052 1622 1090 1686 in

166 1726 246 1790 urbe
262 1725 454 1790 clandestini
469 1731 580 1788 coctus
597 1724 812 1807 celebrabant,
831 1745 903 1789 curn
918 1723 1090 1788 Tiberium

144 1851 284 1916 aanoeps
301 1850 377 1904 cura
392 1829 580 1909 distrahere,
605 1829 677 1892 vine
695 1827 832 1892 militum
847 1848 976 1892 servum
992 1847 1089 1892 coer·

167 1939 255 1998 ceret
287 1955 327 1998 an
351 1934 480 1998 inanem
506 1931 729 1998 credulitatem
752 1940 900 2018 tempore
928 1933 999 2017 ipso
1025 1954 1088 1996 va-

166 2059 299 2104 nescere
312 2039 445 2104 sineret:
462 2037 560 2103 modo
574 2038 655 2102 nihil
670 2035 896 2123 spernendum,
908 2037 1005 2101 modo
1015 2059 1088 2102 non

168 2144 276 2208 omnia
296 2144 471 2207 metuenda
494 2143 663 2226 ambiguus
685 2140 820 2226 pudoris
843 2162 880 2206 ao
903 2148 1007 2207 metus
1029 2161 1088 2206 re-

167 2247 308 2331 putabat.
344 2255 508 2330 postremo
534 2245 589 2310 dat
603 2247 772 2329 negotium
787 2245 938 2312 Sallustio
956 2245 1087 2329 Orispo.

132 2369 157 2409 10
166 2351 221 2415 ille
238 2372 256 2416 e
271 2351 439 2416 clientibus
452 2350 532 2415 duos
544 2351 687 2435 (quidam
697 2351 815 2416 milites
826 2351 925 2415 fuisse
937 2348 1087 2430 tradunt)

168 2456 282 2542 deligit
297 2461 392 2540 atque
408 2456 565 2538 hortatur,
582 2456 730 2520 simulata
744 2455 941 2519 conscientia
953 2453 1087 2537 adeant,

168 2558 305 2624 offerant
321 2559 499 2644 pecuniam,
521 2558 619 2622 fidem
634 2564 730 2642 atque
746 2558 889 2642 pericula
904 2557 1087 2643 pollicean-

166 2670 227 2728 tur.
266 2671 485 2749 cxsequuntur
507 2667 544 2727 ut
565 2663 686 2726 iussum
709 2668 787 2725 erat.
826 2661 902 2726 dein
925 2662 1086 2746 speculati

165 2777 295 2834 noctem
317 2767 554 2847 incustoditam,
577 2768 710 2848 accepta
731 2761 849 2830 idonea
864 2785 972 2846 manu,
995 2763 1086 2829 vinc·

131 2892 156 2931 1⁵
166 2879 234 2937 tum
258 2874 364 2939 clauso
390 2893 445 2938 ore
468 2873 501 2937 in
520 2870 681 2935 Palatium
703 2874 842 2934 traxere.
879 2869 1086 2954 percontanti

165 2978 307 3059 Tiberio,
330 2999 393 3063 quo
416 2975 518 3042 modo
532 2975 679 3061 Agrippa
701 2973 804 3038 laetus
827 2980 923 3056 esset,
945 2992 1084 3059 respon·

167 3081 252 3147 disse
284 3081 385 3146 fertur
414 3101 487 3165 ,quo
519 3079 617 3152 modo
650 3083 686 3141 tu
717 3075 857 3142 ansarf
901 3081 937 3140 ut
969 3076 1085 3142 ederet

166 3188 271 3251 socios
300 3186 404 3270 subigi
432 3207 499 3249 nou
526 3183 641 3270 potuit.
686 3202 746 3246 nec
769 3181 916 3246 Tiberius
943 3202 1084 3266 poenam

48 3298 51 3306 ’
166 3293 272 3375 palam
304 3310 417 3372 ausus,
450 3289 484 3353 in
515 3296 641 3353 secreta
671 3286 787 3352 Palatii
821 3292 913 3371 parte
945 3286 1083 3352 interfici

133 3393 258 3457 roiussit
274 3413 454 3478 corpusque
471 3394 552 3457 clam
569 3390 695 3456 auferri.
732 3396 765 3454 et
778 3411 974 3475 quamquam
988 3390 1084 3456 multi

169 3515 186 3558 c
211 3494 307 3558 domo
331 3495 484 3578 principis
508 3496 695 3578 equitesque
719 3514 756 3558 ac
774 3500 941 3559 senatores
957 3501 1083 3560 susten-
