2444 4010
269 314 307 354 AB
321 313 446 354 EXOESSU
460 313 525 353 DIVI
538 313 668 354 AUGUSTI
680 313 715 353 111
730 313 814 352 lis-21.
935 308 991 364 125

151 471 200 535 20.
229 469 357 536 Eodem
388 492 471 536 anno
498 471 700 571 Tacfarinas,
737 492 834 556 quem
863 471 992 556 pulsum
1033 505 1035 510 s

91 595 108 637 a
130 573 260 640 Camillo
287 577 485 672 memoravi,
516 577 638 641 bellum
667 577 701 641 in
721 575 833 640 Africa
858 584 994 642 renovat

91 679 173 762 vagis
198 682 339 764 primum
360 681 623 765 populationibus
647 687 681 747 et
704 683 744 746 ob
768 682 992 767 pernicitatem

90 783 210 866 inultis,
243 783 319 848 dein
352 785 440 849 vicos
473 784 680 869 exscindere,
717 787 846 850 trahere
878 806 993 870 graves

90 888 237 972 praedas3
266 895 430 974 postremo
460 889 547 954 haud
570 891 685 975 procul
705 889 842 976 Pagyda
862 891 1015 955 flumine⁵

91 993 250 1057 cohortem
260 992 441 1058 Romanam
455 993 669 1058 circumsedit.
698 999 848 1078 praeerat
860 994 992 1059 castello

88 1095 219 1162 Decrius
241 1097 378 1183 impiger
401 1118 507 1180 manu,
531 1097 692 1162 exercitus
713 1098 828 1162 militia
850 1102 885 1162 et
905 1098 994 1161 illam

89 1199 286 1266 obsidionem
314 1201 427 1286 flagitii
456 1209 554 1266 ratus.
598 1202 626 1264 is
659 1204 846 1268 cohortatus
876 1202 995 1266 milites

88 1311 120 1366 ut
141 1305 266 1390 copiam
295 1325 425 1391 pugnae
447 1306 482 1370 in
504 1312 618 1392 aperto
641 1307 787 1373 facerent
810 1308 912 1372 aciem
935 1329 994 1392 pro

89 1408 192 1472 castris
215 1408 355 1475 instruit.
400 1409 569 1495 primoque
599 1411 723 1495 impetu
745 1411 839 1496 pulsa
861 1412 995 1476 cohorte
1005 1426 1030 1464 1⁰

88 1519 251 1599 promptus
273 1515 357 1580 inter
376 1517 442 1580 tela
460 1522 606 1580 occursat
620 1515 827 1599 fugientibus,
851 1516 996 1601 increpat

14 1677 15 1700 ξ
88 1615 253 1700 signiferos
276 1618 363 1704 quod
385 1620 558 1686 inconditis
581 1626 638 1685 aut
661 1620 881 1686 desertoribus
903 1621 996 1684 miles

14 1709 15 1712 ¹
88 1719 248 1788 Romanus
273 1730 366 1808 terga
387 1724 497 1810 daret'3
528 1725 623 1790 simul
646 1731 782 1810 excepta
804 1725 941 1790 vulnera
964 1731 997 1788 et

89 1846 278 1912 quamquam
299 1828 476 1893 transfosso
502 1828 595 1894 oculo
615 1828 787 1894 adversum
805 1850 840 1892 os
858 1825 997 1893 intendit
1123 1893 1127 1900 ,

87 1951 188 2016 neque
217 1931 378 2015 proelium
401 1931 523 2015 omisit,
556 1930 662 1997 donec
685 1932 831 1997 desertus
855 1930 996 1995 caderet.
1007 1950 1032 1990 15

148 2035 200 2098 21.
231 2033 321 2108 Quae
344 2039 516 2119 postquam
529 2034 567 2098 L.
583 2034 730 2120 Apronio
751 2031 842 2118 (nam
860 2034 996 2100 Camillo

88 2135 296 2218 successerat)
326 2142 509 2228 comperta,
526 2139 643 2224 magis
677 2138 838 2206 dedecore
867 2161 999 2205 suorum

89 2260 180 2324 quam
210 2241 315 2323 gloria
342 2241 445 2306 hostis
470 2243 604 2326 anxius,
634 2263 706 2308 raro
737 2264 776 2308 ea
803 2249 998 2328 tempestate

89 2352 119 2407 et
139 2366 157 2410 e
180 2350 293 2411 vetere
317 2347 474 2410 memoria
488 2346 631 2412 facinore
651 2346 823 2411 decumum
838 2368 998 2432 quemque

89 2447 320 2531 ignominiosae
352 2450 495 2514 cohortis
525 2457 612 2516 sorte
643 2451 757 2516 ductos
788 2451 865 2516 fusti
893 2459 1020 2518 necata

89 2558 275 2638 tantumque
315 2555 487 2619 severitate
524 2555 725 2640 profectum,
770 2562 806 2619 ut
843 2556 999 2620 vexillum

14 2651 16 2720 ζ
89 2644 328 2741 veteranorum,
360 2678 427 2722 non
457 2658 595 2743 amplius
624 2679 720 2743 quam
751 2659 917 2743 quingenti
938 2680 998 2722 nu·

89 2781 186 2845 merc,
210 2761 341 2826 easdem
361 2760 571 2827 Tacfarinatis
596 2763 704 2848 copias
727 2762 925 2848 praesidium
948 2764 999 2828 cui

88 2862 188 2931 Thala
218 2886 338 2930 nomen
370 2865 541 2950 adgressas
573 2867 726 2931 fuderint.
778 2887 841 2951 quo
873 2866 997 2951 proelio

89 2969 190 3035 Rufus
204 2970 344 3036 Helvius
359 2970 526 3054 gregarius
549 2971 643 3035 miles
666 2971 785 3035 servati
807 2970 885 3035 civis
901 2970 999 3036 decus
1010 2993 1035 3032 ιο

89 3076 211 3140 rettulit
233 3075 435 3160 donatusque
465 3082 515 3140 est
542 3075 583 3140 ab
605 3074 752 3160 Apronio
776 3073 944 3158 torquibus
967 3078 1000 3139 et

89 3179 187 3246 hasta.
223 3179 343 3244 Caesar
358 3178 485 3248 addidit
501 3180 636 3246 civicam
652 3200 815 3260 coronam,
834 3177 921 3262 quod
934 3197 999 3241 non

91 3302 160 3346 eam
182 3304 311 3369 quoque
332 3282 499 3368 Apronius
517 3284 587 3348 iure
609 3281 812 3368 proconsulis
835 3280 1000 3346 tribuisset

15 3447 16 3456 ,
92 3392 220 3469 questus
249 3388 352 3472 magis
386 3409 484 3473 quam
521 3387 672 3453 offensus.
725 3384 783 3451 sed
815 3383 1000 3449 Tacfarinas

14 3515 16 3542 κ
92 3492 246 3574 perculsis
260 3490 410 3556 Numidis
426 3497 460 3558 et
474 3491 599 3557 obsidia
614 3491 861 3576 aspernantibus
876 3489 1000 3575 spargit
1010 3518 1035 3558 15
