2482 4014
319 327 361 368 AB,
371 326 498 368 EXCESSU
510 327 575 367 DIVI
588 326 716 368 AUGUSTI
729 326 749 366 V
763 326 821 366 a-t.
972 321 1029 377 215

116 485 325 569 imperatoria
347 486 497 550 maiestas
520 485 611 550 elusa
632 485 761 572 publice
783 485 881 568 foret,
904 486 1031 570 integra

54 599 59 609 '
117 596 225 656 tamen
250 591 310 656 sibi
333 597 448 656 cuncta
469 590 653 676 postulavit.
690 611 751 654 nec
767 590 850 655 ultra
872 589 1051 655 delibera-s

117 701 187 758 tum
209 716 272 780 quo
296 696 400 760 minus
423 717 489 759 non
505 694 635 780 quidem
653 701 800 760 extrema
819 694 1031 775 decernerent

118 800 168 882 (id
199 800 285 865 enim
312 800 481 883 vetitum),
513 799 571 864 sed
600 806 730 885 paratos
754 798 794 874 ad
818 799 975 864 ultionem
998 801 1031 866 vi

116 905 271 990 principis
293 904 444 990 impediri
466 908 672 968 testarentur.

333 1235 598 1320 CORNELII
631 1235 825 1321 TAOITI

227 1417 292 1489 AB
320 1416 542 1492 excussu
569 1417 676 1490 nnn
703 1416 928 1491 lususnr

475 1578 598 1636 LIBER
618 1577 673 1636 VI.
795 1522 798 1527 ι

182 1837 223 1920 V,
248 1841 291 1904 6.·
399 1837 558 1913 Quattuor
581 1844 614 1903 et
637 1839 849 1923 quadraginta
868 1839 1031 1910 orationes

115 1963 217 2027 super
240 1963 280 2006 ea
301 1963 336 2006 rc
359 1941 503 2026 habitae,
528 1964 571 2007 ex
594 1943 665 2027 quis
690 1942 730 2008 ob
753 1949 876 2008 metum
898 1965 1031 2028 paucae,
1060 1970 1062 1975 ·

114 2045 227 2130 plures
250 2044 462 2112 adsuetudine
479 2093 593 2113 ......
610 2047 699 2129 ,mihi
720 2046 881 2131 pudorem
903 2056 958 2113 aut
974 2047 1031 2113 Se-

114 2152 194 2215 iano
224 2150 379 2214 invidiam
401 2149 584 2214 adlaturum
609 2151 727 2215 censui.
772 2172 867 2216 versa
896 2157 946 2215 est
967 2151 1032 2216 for-

115 2260 197 2318 tuna
226 2260 258 2317 et
279 2253 334 2318 ille
364 2253 511 2337 quidem,
541 2254 595 2338 qui
627 2254 786 2340 collegam
815 2260 849 2319 et
875 2275 1054 2339 generumr

117 2357 310 2441 adsciverat,
333 2358 393 2423 sibi
415 2358 570 2442 ignoscit:
599 2358 708 2440 ceteri,
731 2379 826 2443 quem
849 2379 909 2443 per
933 2357 1032 2424 dede-

118 2483 196 2528 cora
217 2463 346 2546 fovere,
378 2485 451 2527 cum
480 2462 604 2527 scelere
633 2462 841 2527 insectantur.
886 2463 1034 2528 miserius

118 2568 161 2631 sit
192 2567 233 2631 ob
265 2567 436 2631 amicitiam
466 2567 612 2632 ¹accusari
642 2588 683 2630 an
712 2567 850 2631 amicum
881 2588 1032 2632 accusare

117 2671 207 2736 haud
226 2669 443 2737 discreverim.
473 2693 539 2737 non
555 2671 787 2754 crudelitatem,
810 2693 876 2738 non
892 2674 1032 2737 clemen·

117 2776 197 2841 tiam
221 2775 407 2860 cuiusquam
432 2777 600 2861 experiar,
628 2777 688 2842 sed
709 2777 792 2840 liber
816 2783 848 2841 et
870 2776 949 2839 mihi
971 2777 1067 2862 ipsirc

117 2880 273 2966 probatus
295 2881 404 2945 antibo
428 2881 618 2966 periculum.
655 2900 714 2945 vos
732 2881 877 2945 obtestor
899 2901 940 2944 ne
963 2901 1032 2946 me·

119 2985 256 3051 moriam
277 2986 379 3050 nostri
394 3005 452 3072 per
467 3007 649 3051 maerorem
663 3006 760 3069 quam
774 2985 853 3050 laeti
867 2985 1033 3050 retineatis

119 3088 289 3152 adiciendo
313 3111 365 3154 me
388 3110 517 3175 quoque
540 3090 579 3154 iis
602 3091 657 3174 qui
674 3090 738 3154 fine
754 3089 887 3175 egregio
904 3089 1034 3174 publica

120 3193 205 3257 mala
228 3191 432 3277 effugerunt!
1108 3177 1115 3192 ⁵

185 3296 226 3378 V,
252 3299 280 3361 7.
304 3295 395 3361 Tune
411 3298 565 3382 singulos,
588 3305 624 3362 ut
643 3298 758 3382 cuique
783 3297 951 3380 adsistere,
975 3296 1032 3361 ad-

119 3401 210 3485 loqui
232 3401 365 3482 animus,
388 3403 532 3467 retinens
555 3409 610 3467 aut
634 3402 798 3468 dimittens
818 3409 944 3487 partem
968 3401 1034 3467 diei

121 3505 299 3589 absumpsit
326 3506 493 3590 multoque
525 3506 630 3570 adhuc
661 3510 757 3570 coetu
782 3510 816 3570 et
839 3505 961 3571 cunctis
983 3505 1031 3568 in-
