2498 4010
226 276 261 332 18
553 279 691 318 oonnnnn
705 278 801 317 raom

224 443 329 506 minus
344 440 497 504 invidiam
513 437 779 519 misericordiam,
794 442 917 502 metum
934 442 966 501 et
981 437 1044 500 iras
1059 457 1133 521 per-

223 551 401 611 moverent.
455 544 635 608 adcurritur
670 543 710 606 ab
747 541 905 606 universis
938 549 970 606 et
1005 562 1134 606 carcere

224 651 356 716 effracto
387 650 516 714 solvunt
537 647 665 711 vincula
688 647 935 730 desertoresque
959 666 996 709 ac
1024 666 1134 709 rerum

188 781 213 819 15
224 757 408 841 capitalium
432 754 598 818 damnatos
622 751 683 816 sibi
705 753 769 814 iam
791 751 936 814 miscent.

288 861 339 923 22.
371 857 577 941 Flagrantior
598 855 674 926 indo
691 855 749 937 vis,
772 855 881 939 plures
905 855 1058 919 seditioni
1077 855 1134 918 dn-

224 987 286 1030 ces.
344 971 376 1026 et
396 961 576 1026 Vibulenus
599 960 729 1046 quidam
752 961 918 1044 gregarius
942 960 1035 1024 miles
1059 966 1134 1025 ante

222 1068 361 1132 tribunal
383 1065 493 1131 Blaesi
522 1066 688 1130 adlevatus
718 1065 990 1129 circumstantium
1015 1065 1135 1130 umeris

223 1172 310 1256 apud
333 1171 477 1236 turbatos
502 1178 534 1235 et
557 1171 633 1255 quid
656 1177 785 1257 pararet
806 1171 952 1235 intentos
973 1191 1041 1253 ,vos
1065 1169 1134 1254 qui-

202 1273 308 1340 sdem‘
332 1275 434 1359 inquit
450 1274 509 1356 ,his
532 1275 756 1340 innocentibus
773 1280 805 1339 et
821 1273 1007 1339 miserrimis
1029 1274 1135 1339 lucem

223 1386 257 1444 et
294 1379 440 1463 spiritum
468 1379 672 1443 reddidistis:
711 1380 768 1443 sed
799 1379 868 1464 quis
906 1379 995 1443 fratri
1025 1379 1134 1460 vitam,

224 1485 294 1570 quis
316 1485 446 1550 fratrem
470 1484 549 1548 mihi
571 1484 703 1548 reddit?
737 1505 833 1568 quem
855 1485 989 1548 missum
1013 1484 1135 1548 advos

224 1610 243 1652 a
267 1588 459 1654 Germanico
483 1588 628 1653 exercitu
652 1587 692 1652 de
713 1589 935 1653 communibus
958 1588 1137 1654 commodis

223 1701 318 1758 nocte
350 1693 499 1778 proxima
529 1692 686 1776 iugulavit
716 1714 775 1776 per
805 1692 1021 1777 gladiatores,
1054 1713 1136 1776 quos

191 1821 215 1858 1o
224 1799 257 1861 in
281 1797 415 1861 exitium
431 1796 568 1860 militum
583 1796 682 1861 habet
702 1801 798 1881 atque
814 1805 925 1861 armat.
963 1796 1135 1882 responde,

223 1902 350 1984 Blaeso,
374 1901 428 1964 ubi
452 1901 624 1964 abieceris:
654 1921 695 1965 ne
718 1899 829 1964 hostes
852 1900 982 1984 quidem
1027 1900 1135 1984 sepul-

224 2013 295 2069 tura
317 2004 471 2069 invident.
508 2027 581 2069 oum
600 2005 726 2087 osculis,
744 2027 817 2068 oum
832 2005 971 2070 lacrimis
988 2006 1135 2070 dolorem

223 2109 413 2200 implevero,
435 2129 487 2172 me
503 2128 630 2192 qnoque
654 2109 807 2172 trucidari
828 2109 913 2191 iube,
938 2109 1015 2174 dum
1037 2111 1137 2176 inter-

223 2213 326 2277 fectos
348 2213 472 2277 nullum
495 2214 536 2277 ob
560 2213 680 2295 scelus,
703 2212 761 2276 sed
784 2213 859 2297 quia
881 2213 1011 2279 utilitati
1033 2215 1136 2296 legio·

191 2339 299 2381 unum
324 2316 579 2397 consulebamus,
603 2317 636 2381 hi
659 2315 837 2401 sepeliant!

289 2423 341 2485 23.
373 2420 573 2486 Incendebat
595 2421 676 2486 haec
697 2423 774 2486 fletu
796 2426 829 2484 et
850 2425 964 2504 pectus
987 2425 1082 2503 atque
1101 2441 1136 2485 os

225 2526 371 2590 manibus
400 2527 585 2590 verberans.
630 2545 708 2589 mox
740 2524 882 2589 disiectis
913 2545 1049 2609 quorum
1078 2543 1137 2606 per

223 2651 353 2696 umeros
369 2631 594 2710 sustinebatur,
610 2650 766 2714 praeceps
782 2636 813 2694 et
829 2630 1029 2714 singulorum
1045 2628 1136 2712 pedi·

224 2733 285 2797 bus
305 2733 475 2798 advolutus
497 2739 623 2797 tantum
640 2733 908 2799 consternationis
931 2733 1138 2816 invidiaeque

205 2837 380 2918 aconcivit,
409 2843 445 2900 ut
467 2858 541 2922 pars
569 2837 705 2901 militum
729 2837 925 2921 gladiatores
949 2839 1003 2921 qui
1028 2858 1046 2901 e
1070 2858 1133 2902 ser-

224 2941 303 3004 vitio
328 2939 435 3004 Blaesi
464 2949 569 3023 erant,
600 2962 673 3026 pars
705 2947 845 3006 ceteram
869 2941 1014 3006 eiusdem
1045 2941 1138 3006 fami-

171 3095 180 3116 ,
225 3043 301 3106 liam
323 3043 490 3125 vincirent,
513 3045 568 3108 alii
590 3045 631 3108 ad
652 3045 871 3129 quaerendum
896 3067 1011 3131 corpus
1035 3047 1138 3111 effun-

227 3146 388 3213 derentur.
443 3168 480 3212 ac
508 3149 542 3211 ni
571 3168 709 3234 propere
739 3169 845 3233 neque
874 3149 975 3212 ullum
1005 3151 1141 3234 reperiri

227 3257 260 3314 et
288 3271 397 3316 servos
427 3251 578 3316 adhibitis
608 3251 799 3317 cruciatibus
834 3253 974 3318 abnuere
1005 3254 1139 3319 caedem

193 3375 331 3440 unoque
360 3356 407 3419 illi
438 3356 537 3422 fuisse
568 3377 720 3440 umquam
751 3357 882 3422 fratrem
910 3359 1141 3442 pernotuisset,

227 3461 313 3524 haud
338 3462 472 3526 multum
494 3463 535 3527 ab
559 3463 659 3526 exitio
683 3463 781 3545 legati
806 3462 948 3526 aberant.
994 3464 1141 3528 tribunos
