2498 4010
219 315 260 370 ,36
553 318 691 360 connum
704 317 801 358 usorrr

224 499 304 562 quos
327 477 514 562 saeviretur,
538 478 669 562 pessimi
688 499 814 563 quoque
838 499 926 543 arma
946 483 1130 563 rapuerant.

223 602 327 666 neque
361 584 487 666 legatus
520 588 576 646 aut
612 581 757 648 tribunus
794 581 980 648 moderator
1001 582 1130 646 adfuit:
1230 613 1231 624 ³

188 707 214 748 ro
224 685 378 772 permissa
399 687 497 771 vulgo
530 686 659 752 licentia
689 692 786 772 atque
817 686 897 752 ultio
928 692 961 754 et
991 687 1130 752 satietas.

222 813 301 855 mox
313 791 478 876 ingressus
497 795 600 856 castra
616 790 836 874 Germanicus,
858 812 925 856 non
941 789 1133 855 medicinam

222 894 304 959 illud
325 895 469 980 plurimis
485 917 556 960 cum
578 895 715 960 lacrimis
739 894 797 960 sed
814 895 940 962 cladem
954 895 1132 981 appellans,

224 999 359 1065 cremari
381 1020 518 1084 corpora
539 1000 639 1066 iubet.

289 1103 410 1169 Truces
426 1104 524 1168 etiam
538 1111 607 1169 tum
621 1104 745 1170 animos
760 1105 877 1190 cupido
896 1105 1020 1171 involat
1036 1102 1134 1169 eundi

224 1210 258 1273 in
288 1208 436 1292 hostem,
467 1209 628 1294 piaculum
658 1209 789 1292 furoris,
820 1231 881 1274 neo
912 1209 1006 1274 aliter
1037 1228 1133 1293 posse

226 1312 346 1398 placari
366 1313 618 1378 commilitonum
640 1335 761 1390 manes,
784 1333 879 1398 quam
901 1312 930 1376 si
949 1311 1133 1397 pectoribus

226 1417 331 1502 impiis
353 1417 491 1482 honesta
512 1418 646 1483 vulnera
668 1409 877 1503 accepissent.
922 1417 1066 1502 sequitur
1084 1437 1134 1480 ar·

204 1521 340 1587 sdorem
360 1522 496 1586 militum
520 1522 639 1589 Caesar
664 1523 838 1609 iunctoque
859 1531 958 1608 ponte
988 1521 1136 1586 tramittit
1231 1521 1232 1524 ’

228 1625 399 1692 duodecim
420 1626 541 1692 miliae
563 1627 754 1712 legionibus,
780 1649 838 1692 sex
855 1632 887 1691 et
902 1626 1017 1709 viginti
1032 1625 1136 1690 socias

226 1730 378 1813 cohortis,
399 1735 472 1795 octo
497 1731 640 1815 equitum
662 1732 739 1810 alas,
762 1752 896 1816 quarum
912 1751 952 1795 ea
975 1729 1135 1794 seditione

224 1837 416 1902 intemerata
437 1835 596 1900 modestia
618 1835 687 1900 luit.

290 1941 343 2005 50.
374 1940 467 2005 Laeti
497 1961 603 2025 nequo
634 1939 747 2025 procul
777 1939 930 2004 Germani
960 1937 1136 2022 agitabant,

227 2042 314 2114 dumv
332 2043 455 2107 iustitio
488 2043 530 2107 ob
561 2044 713 2108 amissum
734 2041 936 2127 Augustum,
966 2050 1042 2127 post
1073 2041 1138 2106 dis·

226 2147 344 2212 cordiis
374 2149 555 2214 attinemur.
599 2154 633 2213 at
654 2147 819 2213 Romanus
845 2147 972 2232 agmine
994 2166 1136 2231 propero

227 2251 340 2316 silvam
370 2250 518 2316 Caesiam
545 2251 741 2336 limitemque
773 2272 792 2315 a
822 2250 952 2314 Tiberio
986 2257 1138 2335 coeptum
1235 2255 1236 2266 ³

92 2407 95 2416 Δ
204 2354 353 2438 oscindit,
376 2360 482 2419 castra
502 2355 536 2419 iu
557 2355 657 2424 limite
680 2356 777 2437 locat,
798 2353 938 2419 frontem
952 2374 990 2418 ao
1009 2359 1140 2438 tergum

226 2460 331 2542 vallo,
360 2459 462 2524 latera
491 2459 704 2525 concaedibus
731 2459 883 2524 munitus.
927 2456 1003 2521 inde
1037 2456 1140 2522 saltus

228 2565 381 2630 obscuros
410 2570 556 2650 permeat
579 2564 802 2648 consultatque
825 2583 868 2627 ex
891 2561 1017 2626 duobus
1043 2560 1139 2626 itine-

226 2669 314 2734 ribus
336 2669 436 2734 breve
459 2673 493 2734 et
514 2667 643 2733 solitum
667 2673 819 2751 sequatur
841 2687 882 2731 an
908 2663 1141 2750 inpeditiuset

226 2773 452 2856 intemptatum
481 2792 586 2857 eoquo
615 2771 763 2835 hostibus
793 2771 967 2835 incautum.
1012 2767 1140 2834 delecta

194 2891 219 2932 10
227 2875 375 2959 longiore
398 2875 451 2940 via
474 2880 581 2941 cetera
604 2873 847 2940 adcelerantur:
880 2873 999 2939 etenim
1021 2873 1140 2938 attule-

227 2985 300 3043 rant
322 2978 543 3065 exploratores
572 2979 687 3043 festam
718 2997 789 3042 eam
811 2977 980 3044 Germanis
1009 2981 1141 3042 noctem

228 3105 266 3148 ac
297 3082 505 3148 sollemnibus
537 3082 641 3166 opulis
674 3080 841 3148 ludicram.
895 3081 1035 3147 Caecina
1067 3104 1140 3148 cum

228 3185 390 3272 expeditis
416 3187 602 3252 cohortibus
633 3187 759 3272 praeire
790 3193 822 3252 et
852 3188 1012 3253 obstantia
1043 3187 1139 3254 silva-

228 3311 299 3354 rum
320 3290 446 3355 amoliri
475 3290 621 3355 iubetur:
647 3290 794 3375 legiones
816 3290 944 3356 modico
968 3291 1138 3357 intervallo

195 3412 220 3451 1⁵
230 3400 416 3480 sequuntur.
459 3395 540 3459 iuvit
558 3415 626 3457 nox
650 3393 808 3460 sideribus
828 3393 970 3459 inlustris
993 3397 1138 3460 ventum·

230 3518 292 3582 que
315 3497 357 3562 ad
378 3498 468 3562 vicos
488 3499 669 3564 Marsorum
690 3503 724 3562 et
747 3496 960 3562 circumdatae
983 3497 1139 3562 stationes
