2498 4010
241 309 243 314 ’
301 316 338 355 ΑΒ
352 316 478 356 EXOESSU
491 317 556 356 DIVI
569 316 696 356 AUGUSTI
709 317 732 356 11
746 317 831 356 21—24.
988 313 1021 368 71

108 475 265 561 milesque
289 477 425 562 pavidus
449 485 481 542 et
504 500 634 543 casuum
656 479 751 542 maris
774 478 921 560 ignarus,
950 476 1025 539 dum

108 582 218 646 turbat
241 587 354 646 nautas
376 583 429 646 vel
446 570 677 669 'intempestive
700 584 797 664 iuvat,
823 582 927 647 officia
948 604 1023 667 pru-

108 685 255 749 dentium
287 686 521 772 corrumpebat.
568 708 662 752 omne
693 686 809 751 dehine
841 688 965 750 eaelum
991 693 1024 750 et
1034 716 1059 753 10

107 812 197 854 mare
228 811 321 854 omne
352 790 385 853 in
414 799 555 856 austrum
583 791 693 870 cessit,
724 791 778 874 qui
799 790 916 854 umidis
942 791 1022 854 Ger-

106 896 234 959 maniae
262 894 373 977 terris,
403 894 568 981 profundis
594 894 755 977 amnibus,
784 894 939 958 immenso
964 914 1021 956 nu-

106 999 195 1062 bium
218 1004 321 1063 traotu
344 999 469 1064 validus
493 1005 526 1064 et
548 1000 656 1082 rigore
678 998 774 1064 vicini
795 998 1022 1082 septentrionis

106 1101 270 1166 horridior
285 1103 391 1187 rapuit
408 1103 594 1187 disiecitque
611 1123 709 1167 naves
724 1103 758 1166 in
774 1108 886 1187 aperta
902 1101 1023 1166 Oceani

105 1210 162 1268 aut
191 1205 311 1269 insulas
341 1206 427 1269 saxis
456 1207 599 1292 abruptis
627 1208 679 1271 vel
709 1229 767 1292 per
791 1209 917 1271 occulta
940 1206 1024 1271 vada
1032 1234 1058 1273 15

104 1309 247 1374 infestas.
293 1309 407 1394 quibus
436 1311 566 1395 paulum
593 1331 755 1396 aegreque
778 1312 901 1392 vitatis,
932 1318 1021 1396 post-

105 1435 204 1500 quam
225 1416 368 1480 mutabat
391 1421 497 1479 aestus
521 1414 700 1499 eodemque
725 1435 787 1498 quo
806 1420 922 1480 ventus
937 1415 1021 1480 fere-

104 1519 172 1601 bat,
195 1540 261 1583 non
284 1517 460 1583 adhaerere
477 1518 611 1599 ancoris,
634 1540 699 1582 non
717 1518 886 1583 exhaurire
902 1519 1022 1582 inrum-

104 1621 213 1706 pentis
243 1621 345 1685 undas
376 1628 541 1707 poteraut:
580 1623 654 1706 equi
689 1622 832 1686 iumenta
867 1624 1020 1706 sarcinae,

106 1727 203 1791 etiam
234 1747 321 1789 arma
348 1726 614 1812 praecipitantur,
645 1748 708 1811 quo
732 1728 916 1793 levarentur
939 1729 1056 1793 alveiro

104 1838 273 1895 manantes
294 1852 353 1916 per
375 1832 478 1896 latera
502 1837 534 1896 et
555 1832 653 1896 fluctu
673 1838 916 1916 superurgente.

172 1937 223 1999 24.
248 1935 374 2010 Quanto
398 1937 570 2001 violentior
593 1942 701 2000 cetero
725 1937 804 2000 mari
821 1936 968 2000 Oceanus
988 1946 1020 2001 et

103 2038 299 2104 truculentia
328 2040 409 2104 caeli
432 2045 575 2125 praestat
599 2038 786 2119 Germania,
817 2045 939 2104 tantum
964 2041 1020 2105 illa

105 2145 213 2208 clades
229 2143 373 2208 novitate
390 2150 422 2208 et
438 2143 659 2227 magnitudine
676 2142 825 2226 excessit,
848 2143 1019 2208 hostilibus

104 2248 224 2313 circum
247 2248 393 2312 litoribus
416 2255 471 2311 aut
488 2249 534 2312 ita
548 2255 639 2312 vasto
658 2253 690 2312 et
706 2249 876 2333 profund0,
899 2256 935 2314 ut
951 2271 1018 2314 ore·

107 2352 200 2417 datur
231 2353 440 2417 novissimum
472 2375 509 2418 ac
540 2353 608 2418 sine
639 2352 743 2416 terris.
788 2375 861 2438 pars
890 2354 1041 2420 naviums

105 2455 238 2520 haustae
268 2463 357 2539 sunt,
386 2458 494 2542 plures
525 2458 610 2543 apud
640 2457 760 2522 insulas
789 2459 918 2540 longius
943 2459 1018 2522 sitas

107 2562 227 2626 eiectae
256 2562 413 2646 milesque
438 2563 527 2626 nullo
551 2563 617 2626 illic
637 2562 803 2626 hominum
826 2563 911 2627 cultu
935 2564 1018 2627 fame

107 2666 309 2751 absumptus,
341 2667 401 2730 nisi
433 2687 513 2750 quos
545 2686 682 2750 corpora
714 2685 869 2749 equorum
902 2666 1017 2730 eodem

108 2770 182 2835 elisa
204 2772 430 2837 toleraverant.
469 2772 539 2836 sola
555 2771 740 2837 Germanici
759 2771 896 2835 triremis
914 2770 1018 2834 Ohau-

108 2894 213 2939 corum
236 2882 356 2940 terram
379 2875 518 2960 adpulit3
543 2896 639 2960 quem
658 2896 717 2960 per
734 2895 845 2938 omnes
860 2874 933 2939 illos
950 2874 1018 2939 dies
1029 2900 1054 2938 1o

108 2985 279 3064 noctesque
295 2979 382 3066 apud
397 2981 549 3066 scopulos
566 2987 599 3045 et
614 2980 824 3065 prominentis
842 3001 923 3062 oras,
946 3002 1016 3044 cum

109 3103 140 3146 se
169 3086 249 3148 tanti
282 3085 373 3149 exitii
403 3106 495 3150 reum
528 3087 723 3166 clamitaret,
755 3085 810 3148 vix
842 3085 1016 3149 cohibuere

109 3188 196 3252 amici
219 3209 283 3274 quo
306 3189 411 3253 minus
434 3188 551 3254 eodem
572 3189 653 3252 mari
670 3193 849 3273 oppeteret.
887 3186 1017 3252 tandem

109 3292 267 3358 relabente
284 3302 376 3358 aestu
393 3299 425 3358 et
442 3292 638 3358 secundante
655 3297 751 3356 vento
769 3291 901 3356 claudae
917 3311 1017 3355 naves

109 3414 175 3460 raro
202 3398 338 3483 remigio
363 3406 418 3463 aut
440 3398 571 3462 intentis
594 3398 737 3463 restibus
761 3402 793 3461 et
816 3396 975 3481 quaedam
998 3417 1053 3458 au

111 3500 310 3566 ualidioribus
325 3507 448 3566 tractae
460 3507 639 3583 revertere3
657 3522 735 3585 quas
747 3501 865 3583 raptim
879 3500 1016 3564 refectas
