2482 4014
304 316 342 355 ΔΒ
355 315 481 356 Excusso
494 315 559 354 DIVI
572 315 700 355 AUGUSTI
713 315 744 354 IV
757 316 842 355 51-54.
966 310 1021 366 197

113 472 268 558 dempsit,
304 473 381 537 dum
410 473 495 538 fessa
525 480 634 538 mente
668 472 787 537 retinet
820 473 939 538 silentii
971 475 1020 538 in-

110 579 310 662 patientiam.

177 684 229 747 53.
259 680 306 747 At
320 681 502 767 Agrippina
525 682 678 766 pervicax
691 683 759 745 irae
776 687 809 747 et
823 683 937 747 morbo
954 703 1024 746 eor·

110 786 199 871 poris
221 786 384 871 inplicata,
407 807 480 850 oum
502 785 622 850 viseret
645 805 716 850 eam
735 785 865 868 Caesar,
887 785 1026 871 profusis

111 889 168 955 diu
197 912 235 956 ao
264 910 324 976 per
346 889 508 954 silentium
530 889 686 972 lacrimis,
715 911 793 955 mox
816 890 970 956 invidiam
992 896 1025 954 et

110 1015 226 1079 preces
250 993 389 1058 orditur:
413 993 598 1059 subveniret
622 994 796 1078 solitudini,
822 995 912 1060 daret
930 994 1024 1059 mari-

110 1104 195 1179 tum,
215 1097 357 1162 habilem
372 1097 478 1163 adhue
491 1098 656 1163 iuventam
670 1120 776 1184 neque
793 1099 882 1164 aliud
895 1120 1046 1184 prorsuss

109 1223 209 1286 quam
232 1223 275 1266 ex
296 1202 501 1266 matrimonio
526 1203 696 1284 solacium3
723 1204 919 1268 incolumem
943 1202 1027 1267 Ger·

110 1307 229 1372 manici
257 1307 427 1392 coniugem
456 1328 493 1370 ae
518 1307 638 1371 liberos
660 1307 806 1392 recipere
830 1307 1026 1392 dignaretur.

109 1410 170 1474 sed
187 1409 308 1475 Caesar
329 1432 395 1474 non
417 1409 546 1494 ignarus
570 1417 724 1495 quantum
744 1418 962 1497 expeteretur,
985 1431 1026 1475 ne

108 1521 222 1580 tamen
245 1515 431 1581 offensionis
447 1522 502 1580 aut
516 1521 622 1581 metus
637 1516 825 1582 manifestus
840 1517 934 1596 foret,
957 1517 1026 1581 sine

109 1641 267 1704 responso
298 1641 491 1704 quamquam
514 1623 687 1686 instantem
710 1622 850 1707 reliquit.
894 1621 929 1685 id
953 1637 1061 1706 ego,1⁰

109 1743 129 1787 a
152 1721 362 1808 scriptoribus
384 1725 548 1789 annalium
570 1747 636 1789 non
657 1725 821 1808 traditum,
843 1727 975 1812 repperi
992 1727 1025 1791 in

109 1828 352 1892 commentariis
363 1827 564 1913 Agrippinae
577 1830 672 1913 filiae,
688 1851 770 1915 quae
783 1831 922 1894 Neronis
937 1833 1024 1915 prin·

110 1932 193 2018 cipis
216 1937 319 1997 mater
341 1931 440 1998 vitam
463 1953 553 1997 suam
577 1939 610 1998 et
633 1955 724 1999 casus
740 1955 870 1999 suorum
885 1935 1024 2019 posteris

109 2037 316 2101 memoravit.

178 2141 231 2220 54,
267 2139 419 2206 Ceterum
441 2141 577 2207 Seianus
607 2149 805 2208 maerentem
833 2150 865 2207 et
886 2143 1041 2227 inproviq

110 2244 188 2308 dam
224 2243 319 2309 altius
354 2246 492 2330 perculit
526 2247 676 2312 immissis
709 2249 764 2333 qui
796 2269 855 2332 per
886 2249 1030 2332 speciem

110 2348 274 2414 amicitiae
292 2356 463 2414 monerent
477 2356 625 2435 paratum
641 2352 670 2415 ei
685 2372 857 2434 venenum,
880 2352 1028 2416 vitandas

109 2453 217 2517 soceri
250 2453 373 2537 epulas.
418 2459 514 2538 atque
547 2455 603 2519 illa
635 2456 875 2520 simulationum
909 2459 1028 2538 nescia,

110 2577 186 2622 cum
209 2563 343 2642 propter
366 2556 592 2641 discumberet,
614 2582 680 2625 non
701 2562 793 2625 vultu
809 2567 864 2625 aut
880 2578 1049 2628 sermone⁶

109 2659 215 2742 flecti,
244 2661 351 2724 nullos
374 2663 533 2746 attingere
557 2665 663 2748 cibos,
687 2665 791 2731 doneo
814 2667 953 2732 advertit
975 2667 1029 2730 Ti·

110 2763 232 2844 berius,
245 2764 328 2829 forte
339 2786 380 2829 an
389 2768 464 2851 quia
476 2768 657 2851 audiverat,
670 2769 768 2855 idque
778 2792 842 2855 quo
854 2773 957 2836 acrius
970 2793 1027 2836 ex-

110 2868 283 2952 periretur,
306 2890 413 2954 poma,
437 2878 473 2936 ut
488 2879 580 2937 erant
602 2874 760 2960 adposita,
784 2876 919 2942 laudans
933 2878 1029 2941 nurui

111 2992 172 3036 sua
194 2993 292 3037 manu
313 2973 457 3038 tradidit.
500 2982 594 3041 aucta
617 2999 659 3043 ex
682 2999 721 3042 eo
745 2981 885 3065 suspicio
909 2980 1027 3065 Agrip·

110 3079 209 3162 pinae
233 3082 266 3141 et
287 3077 408 3143 intacta
436 3099 491 3144 ore
521 3081 621 3145 servis
643 3083 790 3148 tramisit.
835 3104 896 3148 nee
919 3089 1063 3151 tamenn

110 3181 234 3246 Tiberii
249 3202 315 3246 vox
328 3203 436 3247 coram
452 3190 572 3268 secuta,
589 3184 647 3249 sed
664 3187 819 3251 obversus
835 3187 876 3251 ad
892 3193 1028 3251 matrem

111 3305 179 3349 non
203 3285 320 3349 mirum
341 3286 396 3368 ait,
419 3287 524 3371 siquid
545 3290 690 3354 severius
708 3290 830 3354 ineam
853 3291 1027 3374 statuisset,

112 3411 132 3454 a
154 3411 219 3476 qua
241 3391 386 3455 veneficii
409 3391 658 3457 insimularetur.
695 3391 771 3456 iude
791 3413 901 3457 rumor
921 3395 1027 3478 parari

114 3495 250 3559 exitium
277 3514 384 3578 neque
413 3495 520 3579 palam
549 3495 686 3561 audere:
716 3502 876 3561 secretum
907 3497 1026 3581 quaeri.
