2482 4014
331 300 369 339 sn
382 299 509 340 excussu
522 299 586 339 n1v1
601 299 728 341 sucusrr
741 299 761 339 v
775 299 846 340 r-11.
992 293 1048 349 217

132 478 214 522 mox
235 459 268 523 in
298 458 472 523 continenti
502 459 615 523 visum.
662 465 695 524 et
718 468 786 524 erat
808 460 933 524 iuvenis
955 457 1043 524 haud

134 562 256 648 dispari
278 568 401 642 aetate,
425 562 615 646 quibusdam
640 563 786 629 Caesaris
808 563 932 628 libertis
954 563 1065 628 reluta

133 665 302 750 adgnitus,
327 686 387 750 per
410 664 519 728 dolum
543 667 594 730 cui
618 666 788 731 comitatus
811 666 1044 732 adliciebantur

133 771 239 855 ignari
252 769 337 833 fama
351 769 490 835 nominis
503 775 535 834 et
546 771 703 856 promptis
716 770 912 836 Graecorum
929 771 1044 836 animis

134 875 176 939 ad
200 894 285 938 nova
308 879 340 937 et
361 873 451 937 mira.
480 873 599 957 quippe
622 875 767 957 elapsum
784 874 949 938 custodiae
970 895 1043 958 per·

134 997 214 1062 gere
231 977 273 1041 ad
286 981 438 1060 paternos
455 977 625 1060 exercitus,
644 977 834 1063 ‘Aegyptum
849 983 904 1042 aut
919 978 1045 1043 Suriam

134 1083 319 1146 invasurum
340 1080 505 1165 fingebant
523 1080 615 1144 simul
633 1080 878 1166 credebantque.
918 1082 982 1146 iam
995 1081 1079 1146 iu-1o

136 1186 278 1250 ventutis
299 1204 465 1266 concursu,
488 1185 552 1248 iam
574 1184 711 1270 publicis
728 1185 840 1250 studiis
861 1186 1044 1271 frequenta-

135 1291 246 1374 batur,
277 1292 381 1355 laetus
407 1290 629 1375 praesentibus
652 1299 684 1355 et
707 1291 847 1355 inanium
872 1311 945 1375 spe,
974 1312 1046 1354 cum

136 1395 282 1459 auditum
303 1394 338 1458 id
360 1395 515 1480 Poppaeo
535 1387 671 1460 Sabino:
695 1395 722 1458 is
744 1394 955 1460 Macedoniae
978 1400 1047 1458 tum

136 1500 278 1563 intentus
292 1496 449 1564 Achaiam
465 1520 593 1583 quoque
609 1499 749 1564 curabat.
778 1500 875 1584 igitur
891 1521 954 1584 quo
970 1521 1047 1565 vera

137 1622 196 1667 seu
206 1602 287 1666 falsa
298 1602 424 1682 antiret,
439 1601 643 1667 Toronaeum
653 1603 930 1687 Thermaeumque
943 1605 1081 1672 sinumrs

136 1707 381 1791 praefestinans,
397 1727 474 1772 mox
483 1705 652 1770 Euboeam
662 1705 788 1791 Aegaei
800 1707 896 1770 maris
912 1707 1048 1771 insulam

138 1816 171 1874 et
192 1810 343 1874 Piraeum
365 1806 493 1873 Atticae
518 1829 604 1891 orae,
627 1809 703 1873 dein
725 1809 949 1875 Corinthiense
971 1811 1048 1875 litus

137 1916 364 1998 angustiasque
387 1914 502 1979 Isthmi
525 1914 648 1996 evadit,
673 1915 816 1997 marique
838 1913 932 1978 Ionio
949 1913 1047 1980 Nico-

136 2018 239 2104 polim
260 2017 442 2083 Romanam
472 2018 632 2082 ccloniam
654 2018 818 2100 ingressus
847 2016 891 2080 ibi
919 2015 1049 2080 demum
1111 2016 1114 2022 '

137 2123 305 2207 cognoscit
336 2122 497 2188 sollertius
526 2122 760 2204 interrogatum
791 2119 936 2204 quisnam
964 2119 1082 2185 foretao

139 2226 259 2291 dixisse
282 2228 327 2292 M.
350 2227 458 2292 Silano
489 2227 635 2310 genitum
667 2230 700 2289 et
722 2225 830 2288 multis
854 2229 1048 2290 sectatorum

138 2330 271 2415 dilapsis
280 2330 463 2396 ascendisse
473 2350 586 2395 navem
597 2337 761 2413 tamquam
771 2327 900 2392 Italiam
911 2332 1048 2413 peteret.

137 2436 330 2521 scripsitque
345 2436 426 2500 haec
435 2434 565 2500 Tiberio
577 2453 682 2518 neque
693 2453 753 2497 nos
766 2432 923 2515 originem
938 2431 1049 2494 finem-

137 2562 180 2605 ve
204 2541 271 2605 eius
293 2542 341 2606 rei
363 2541 448 2605 ultra
470 2539 695 2624 comperimus.
806 2575 809 2580 ·

204 2644 246 2728 V,
272 2647 321 2710 11.
352 2646 453 2711 Exitu
482 2645 558 2709 anni
580 2643 636 2707 diu
660 2640 763 2706 celata
787 2638 949 2704 discordia
972 2658 1048 2703 oon-

138 2753 244 2817 sulum
267 2751 381 2835 erupit.
408 2770 483 2813 nam
497 2748 585 2830 Trio,
608 2745 709 2810 facilis
725 2741 932 2828 capessendis
944 2740 1048 2804 inimi·

140 2856 223 2921 citiis
239 2862 271 2920 et
285 2854 355 2918 foro
374 2855 545 2934 exercitus,
562 2857 598 2914 ut
610 2870 743 2934 segnem
753 2845 917 2931 Regulum
933 2844 974 2908 ad
991 2865 1048 2930 op-

138 2959 326 3046 primendos
341 2957 449 3023 Seiani
470 2957 633 3021 ministros
657 2952 786 3036 oblique
801 2949 1050 3036 perstrinxerat:

138 3065 211 3146 ille,
241 3063 303 3126 nisi
333 3063 562 3138 lacesseretur,
591 3057 770 3124 modestiae
798 3054 956 3134 retinens,
986 3074 1072 3127 non,

139 3169 239 3235 modo
262 3166 396 3232 rettudit
419 3166 588 3250 collegam,
611 3161 670 3227 sed
692 3167 728 3224 ut
749 3157 882 3223 noxium
906 3157 1051 3221 coniura-

138 3275 238 3339 tionis
248 3273 288 3337 ad
299 3271 554 3357 disquisitionem
563 3267 720 3333 trahebat.
742 3261 914 3344 multisque
923 3265 1052 3345 patrum

142 3377 307 3442 orantibus
323 3381 481 3460 ponerent
494 3374 569 3439 odia
579 3374 612 3438 in
623 3370 800 3458 perniciem
810 3367 894 3431 itura
903 3385 1052 3429 mansere

138 3482 258 3548 intensi
280 3500 317 3544 ac
340 3480 543 3561 minitantes,
572 3477 676 3542 donec
706 3473 894 3555 magistratu
918 3468 1052 3534 abirent.

194 3595 314 3635 cornelius
327 3594 429 3634 Tacitus.
446 3593 463 3632 L
862 3576 895 3626 13
