2444 4010
253 339 290 377 AB
304 337 430 380 BXOESSU
444 338 509 379 DIVI
521 337 650 380 AUGUSTI
663 338 686 378 11
700 338 785 378 51-54.
933 331 967 391 91

69 503 218 568 Numidae
254 503 437 586 multosque
473 504 548 584 post
581 518 682 564 annos
715 496 814 561 Furio
849 498 1006 563 nominib

68 615 184 692 partum
214 606 313 672 decus
342 605 485 670 militiae.
530 624 605 668 nam
634 607 709 688 post
734 601 825 666 illum
847 603 972 685 recipe·

68 718 198 775 ratorem
221 710 309 775 urbis
324 709 489 792 filiumque
506 707 575 772 eius
593 705 764 770 Camillum
778 724 879 790 penes
894 707 973 772 alias

68 815 194 879 familias
217 814 426 899 imperatoria
447 812 517 876 laus
539 811 657 894 fuerat3
682 818 777 897 atque
801 813 853 877 hic
877 833 972 896 quern

68 938 275 984 memoramus
298 918 459 982 bellorum
483 935 599 1000 expers
616 916 804 980 habebatur.
842 937 881 982 eo
899 937 973 1001 pro·

67 1024 130 1088 nior
144 1022 291 1087 Tiberius
314 1043 367 1087 res
389 1026 498 1105 gestas
518 1020 769 1106 apud'senatum
784 1021 1008 1104 celebrarit;ao

69 1134 98 1192 et
126 1128 299 1192 decrevere
331 1133 440 1211 patres
467 1123 674 1209 triumphalia
702 1124 855 1209 insignia,
886 1126 972 1211 quod

70 1230 195 1295 (lamillo
221 1231 263 1295 ob
286 1228 480 1320 modestiam
502 1229 588 1295 vitae
609 1229 742 1314 impune
763 1229 832 1293 fuit.

127 1337 175 1402 53.
192 1335 336 1420 Sequens
352 1356 453 1400 annus
466 1334 632 1400 Tiberium
647 1333 788 1416 tertium,
807 1334 989 1401 Germani·

69 1462 133 1506 cum
158 1443 275 1506 iterum
299 1441 448 1505 consules
470 1438 593 1504 habuit.
639 1438 696 1503 sed
720 1459 795 1503 eum
816 1438 975 1505 honorem

71 1545 272 1610 Germanicus
294 1543 367 1608 iniit
388 1544 475 1629 apud
490 1544 602 1608 urbem
618 1542 763 1608 Achaiae
777 1543 974 1628 Nicopolim,

70 1669 125 1732 quo
142 1655 277 1714 venerat
290 1669 349 1732 per
364 1647 526 1733 Illyricam
545 1667 644 1728 oram,
667 1646 736 1712 viso
752 1647 850 1712 fratre
866 1649 973 1713 Druso

69 1751 97 1815 in
111 1753 271 1818 Delmatia
287 1757 414 1836 agente,
437 1751 619 1817 Hadriatici
635 1771 672 1815 ao
687 1772 766 1816 mox
780 1751 865 1816 Ionii
880 1753 997 1818 mariss

70 1855 226 1922 aduersam
250 1856 491 1939 navigationem
514 1875 697 1941 perpessus.
735 1857 833 1940 igitur
856 1878 975 1942 paucos

73 1956 309 2045 diesinsumpsit
318 1959 511 2025 reficiendae
523 1960 738 2042 classi;simul
747 1959 977 2026 sinusActiaoa

72 2061 192 2128 uictoria
216 2064 354 2128 inclutos
378 2069 411 2128 et
434 2069 573 2129 sacratas
588 2065 628 2130 ab
644 2065 794 2149 Augusto
808 2067 975 2132 manubias

72 2174 227 2254 castraque
243 2167 379 2233 Antonii
395 2189 468 2234 cum
483 2168 710 2235 recordatione
725 2171 882 2236 maiorum
900 2190 973 2235 suo·

72 2290 132 2333 rum
157 2272 245 2336 adiit.
290 2293 429 2357 namque
453 2273 492 2354 ei,
515 2278 552 2336 ut
573 2275 769 2355 memoravi,
799 2275 1009 2341 auunculusro

71 2373 242 2461 Augustus,
274 2398 352 2442 avus
381 2376 543 2442 Antonius
576 2383 668 2442 erant
699 2399 879 2464 magnaque
909 2381 975 2445 illic

71 2477 166 2564 imago
182 2482 320 2546 tristium
336 2481 569 2567 laetorumque.
600 2483 675 2548 hinc
686 2488 818 2548 ventum
830 2483 975 2550 Athenas

71 2583 249 2671 foederique
272 2586 379 2650 sociae
404 2594 436 2651 et
459 2592 605 2652 vetustae
627 2587 715 2652 urbis
734 2588 845 2653 datum
859 2594 896 2653 ut
910 2609 974 2654 uno

71 2683 173 2753 liotore
203 2694 359 2754 uteretur.
405 2677 566 2776 excepere
590 2690 708 2756 Graeci
734 2692 976 2777 quaesitissimis

71 2788 252 2874 honoribus,
284 2798 396 2859 uetera
427 2815 558 2858 suorum
589 2795 675 2860 facta
707 2794 854 2881 dictaque
883 2815 1011 2882 prae-rs

72 2893 216 2981 serentes,
247 2919 309 2983 quo
339 2898 411 2983 plus
443 2898 638 2983 dignationis
665 2900 808 2967 adulatio
832 2903 976 2967 haberet.

128 3002 177 3064 54.
199 3002 309 3067 Petita
322 3001 398 3068 inde
414 3003 551 3068 Euboea
565 3003 703 3070 tramisit
718 3003 870 3071 Lesbum.
908 3012 976 3070 tum

73 3109 207 3170 extrema
215 3105 314 3172 Asiae
326 3106 580 3191 Perinthumque
593 3129 630 3172 ao
641 3105 843 3192 Byzantium,
856 3108 977 3173 Thrae·

74 3207 128 3273 cias
148 3212 255 3296 urbes,
278 3231 357 3276 mox
371 3211 580 3296 Propontidis
605 3213 769 3295 angustias
790 3218 824 3278 et
840 3233 876 3278 os
891 3212 976 3278 Pon·

73 3310 160 3378 ticum
182 3316 288 3399 intrat,
313 3314 466 3401 cupidine
488 3321 616 3381 veteres
639 3317 728 3382 locos
745 3317 876 3381 etfama
893 3317 976 3380 cele·
1002 3343 1004 3366 2

73 3410 353 3502 bratosnoscendi3
371 3421 556 3505 pariterque
568 3420 750 3505 prouincias
761 3419 896 3485 internis
906 3441 998 3486 cer-s

75 3521 233 3590 luminibus
243 3524 678 3609 autmagistratuuminiuriis
687 3523 788 3589 fessas
797 3523 975 3590 refouebat.
