2498 4010
302 316 339 355 ΑΒ
352 316 478 356 EXCESSU
492 316 556 355 DIVI
570 315 697 356 AUGUSTI
710 316 721 355 1
735 315 820 355 25-28.
973 307 1008 364 21

97 473 276 558 imperator
317 475 386 539 sola
427 475 537 540 militis
578 473 749 539 commoda
786 471 827 536 ad
866 478 1011 538 senatum

96 578 221 643 reiciat.
260 579 399 644 eundem
415 601 492 664 ergo
508 586 655 643 senatum
672 578 915 660 consulendum,
935 598 1012 662 quo·
1022 601 1047 638 15

96 683 183 748 tiens
206 683 363 768 supplicia
385 690 450 748 aut
466 683 591 768 proelia
619 682 816 747 indicantur:
849 702 890 746 an
918 703 1011 766 prae-

99 786 165 849 mia
187 785 247 849 sub
271 786 419 869 dominis,
443 808 565 872 poenas
588 787 656 852 sine
680 787 798 852 arbitro
824 789 922 852 esse?

167 892 218 955 27.
250 891 420 956 Postremo
438 892 591 956 deserunt
606 891 755 975 tribunal,
778 893 900 976 etquis
918 913 1012 977 prae·

98 995 301 1059 toriancrum
323 996 460 1061 militum
484 997 701 1062 amicorumve
725 996 872 1062 Caesaris
902 1017 1012 1061 occur-

98 1105 205 1180 reret,
237 1120 350 1163 manus
381 1099 594 1182 intentantes,
619 1119 748 1165 causam
771 1100 950 1166 discordiae
981 1107 1014 1166 et

97 1205 228 1269 initium
258 1225 439 1286 armorum,
471 1205 612 1269 maxime
641 1205 758 1269 infensi
782 1204 840 1269 On.
863 1204 1013 1288 Lentulo,

99 1308 189 1392 quod
212 1309 240 1372 is
262 1314 336 1374 ante
359 1310 441 1374 alios
464 1314 570 1374 aetate
600 1314 634 1374 et
655 1309 759 1393 gloria
787 1309 865 1374 belli
886 1312 1013 1374 firmare

99 1413 245 1477 Drusum
261 1412 452 1478 credebatur
468 1420 500 1478 et
521 1415 577 1478 illa
599 1415 732 1478 militiae
755 1415 876 1499 flagitia
891 1417 1036 1500 primusn

100 1519 277 1602 aspernari.
328 1539 388 1582 nec
421 1520 523 1583 multo
561 1525 636 1604 post
670 1518 907 1604 digredientem
941 1542 1011 1584 cum

102 1623 242 1688 Caesare
265 1643 302 1687 ac
324 1623 455 1706 provisu
477 1623 612 1708 periculi
637 1623 772 1688 hiberna
795 1629 897 1689 castra
918 1645 1012 1708 repe-

97 1733 225 1793 tentem
241 1727 487 1810 circumsistunt,
511 1729 690 1811 rogitantes
706 1748 769 1811 quo
786 1734 948 1813 pergeret,
971 1727 1013 1790 ad

99 1833 332 1917 imperatorem
353 1853 395 1896 an
417 1830 459 1896 ad
481 1838 604 1917 patres,
627 1837 663 1896 ut
685 1832 750 1896 illic
773 1853 900 1916 quoque
924 1853 1011 1896 com-

101 1935 210 2002 modis
242 1936 408 2020 legionum
442 1936 684 2020 adversaretur3
725 1937 819 2001 simul
851 1939 1012 2022 ingruunt,
1023 1959 1048 1997 ιο

101 2061 183 2105 saxa
197 2040 326 2104 iaciunt.
349 2041 477 2124 iamque
493 2040 610 2126 lapidis
627 2041 693 2106 ictu
709 2046 861 2106 cruentus
875 2048 909 2107 et
924 2042 1014 2106 exitii

103 2150 210 2210 certus
233 2143 370 2208 adcursu
393 2143 606 2209 multitudinis
630 2165 712 2229 quae
736 2166 808 2209 cum
826 2145 933 2210 Druso
957 2146 1013 2211 ad-

101 2254 238 2313 venerat
260 2254 426 2333 protectus
450 2257 509 2316 est.

170 2355 221 2418 28.
253 2355 392 2422 Noctem
415 2356 574 2421 minacem
590 2362 623 2421 et
644 2357 678 2419 in
701 2357 806 2419 scelus
829 2359 1014 2438 erupturam

101 2457 171 2523 fors
202 2458 330 2523 lenivit:
364 2482 439 2525 narn
468 2460 545 2523 luna
578 2461 663 2525 claro
693 2459 790 2543 plena
824 2459 913 2523 caelo
946 2458 1015 2523 visa

100 2562 325 2646 languescere.
357 2563 392 2626 id
407 2563 499 2628 milas
514 2564 646 2629 rationis
662 2563 791 2646 ignarus
809 2584 905 2627 omen
920 2583 1013 2646 prae-

101 2667 242 2732 sentium
258 2668 392 2753 accepit,
408 2668 474 2731 suis
489 2668 652 2733 laboribus
668 2667 884 2732 defectionem
901 2665 1014 2730 sideris

102 2771 318 2836 adsimulans:
341 2793 496 2857 prospere
514 2793 651 2853 cessura,
668 2777 850 2857 pergerent,
867 2771 893 2835 si
908 2769 1036 2854 fulgora

102 2884 137 2939 et
168 2876 324 2941 claritudo
349 2876 429 2941 deae
455 2876 656 2943 redderetur.
699 2878 797 2962 igitur
819 2877 902 2942 aeris
924 2896 1015 2957 sono,

102 2978 253 3042 tubarum
285 3001 504 3067 cornuumque
535 2987 695 3047 concentu
724 2987 886 3065 strepere3
920 2986 1015 3065 prout

103 3081 307 3167 splendidior
330 3085 553 3171 obscuriorve,
576 3087 690 3152 laetari
713 3093 768 3151 aut
790 3107 951 3167 maerere,
984 3092 1015 3149 et

103 3197 276 3275 postquam
294 3197 383 3256 ortae
407 3193 509 3257 nubes
533 3191 672 3257 offecere
696 3193 777 3256 visui
793 3190 1014 3274 creditumque

106 3293 267 3357 conditam
291 3295 448 3378 tenebris,
478 3301 514 3360 ut
537 3302 611 3360 sunt
637 3295 775 3361 mobiles
798 3295 839 3358 ad
861 3293 1050 3378 supersti·1o

106 3397 228 3462 tionem
244 3399 411 3483 perculsae
427 3402 527 3464 semel
547 3406 683 3484 mentes,
706 3400 766 3465 sibi
781 3405 948 3464 aeternum
970 3399 1016 3462 la·

107 3502 219 3568 boram
234 3503 396 3589 portendi,
413 3526 470 3570 sua
484 3505 627 3571 facinora
642 3504 782 3570 aversari
799 3503 878 3570 deos
893 3503 1015 3566 lamen-
