2482 4014
344 322 521 384 ABnEXGESSU
535 323 600 362 DIVI
613 323 741 363 AUGUSTI
754 323 786 363 VI
800 323 885 363 41-44.
1014 319 1070 376 247

164 479 287 548 Surena
329 485 434 567 patrio
478 505 566 548 more
610 483 776 548 Tiridaten
818 483 936 567 insigni
980 483 1070 568 regio

165 587 297 650 evinxit.
531 627 533 631 ι
1081 610 1106 647 aa

229 693 279 754 43.
306 690 357 756 Ac
380 692 406 756 si
429 692 536 757 statim
552 692 706 757 interiora
722 698 909 776 ceterasque
924 693 1072 758 nationes

164 794 340 877 petivisset,
360 816 516 880 oppressa
539 797 758 860 cunctantium
776 795 932 861 dubitatio
953 802 986 861 et
1005 819 1072 861 om-

164 919 221 962 nes
244 899 277 962 in
299 920 398 962 unum
423 898 599 965 cedebant:
628 898 807 964 adsidendo
834 899 1017 982 castellum,
1040 900 1071 962 in

164 1001 252 1085 quod
273 1005 443 1087 pecuniam
464 1003 649 1069 Artabanus
673 1005 862 1082 contulerat,
887 1004 977 1068 dedit
999 1025 1071 1089 spa·

164 1105 244 1170 tium
266 1107 408 1172 exuendi
431 1114 534 1192 pacta.
577 1129 652 1172 nam
674 1108 830 1172 Phraates
860 1112 892 1172 et
913 1106 1016 1171 Hiero
1040 1112 1108 1177 etv,

59 1265 67 1278 .
164 1210 247 1295 siqui
268 1212 323 1276 alii
342 1211 502 1276 delectum
519 1211 676 1296 capiendo
695 1211 869 1293 diademati
888 1211 975 1274 diem
994 1209 1073 1274 haut

165 1316 486 1398 concelebraverant,
513 1339 586 1402 pars
609 1322 713 1400 metu,
744 1316 874 1402 qnidam
896 1315 1017 1381 invidia
1039 1317 1072 1401 in

165 1419 397 1506 Abdagaesen,
430 1423 483 1506 qui
511 1427 580 1485 tum
606 1421 680 1485 aula
702 1427 736 1486 et
758 1440 842 1485 novo
865 1441 944 1504 rege
967 1420 1071 1504 potie-

163 1524 267 1605 batur,
290 1526 332 1590 ad
354 1525 556 1591 Artabanum
578 1532 724 1605 vertere;
747 1527 839 1610 isque
861 1526 896 1590 in
911 1525 1072 1609 Hyrcanis

164 1637 313 1713 repertus
337 1638 387 1695 est
408 1630 529 1696 inluvie
554 1630 675 1716 obsitus
698 1635 731 1694 et
753 1629 905 1694 alimenta
920 1650 996 1692 arou
1015 1646 1107 1692 err-1⁰

164 1733 309 1818 pediens.
327 1755 376 1802 ac
391 1735 494 1820 primo
511 1742 676 1820 tamquam
692 1735 785 1800 dolus
801 1734 1071 1819 parareturterri·

166 1844 235 1921 tus,
266 1840 322 1904 ubi
354 1839 429 1905 data
457 1841 538 1906 fides
567 1840 752 1906 reddendae
782 1839 993 1905 dominationi
1015 1859 1071 1904 ve-

165 1942 268 2027 nisse,
296 1944 464 2009 adlevatur
486 1946 627 2010 animum
651 1951 684 2011 et
707 1966 788 2030 quae
811 1944 979 2029 repentina
1002 1961 1071 2006 mu*

166 2048 245 2112 tatio
278 2049 427 2132 exquirit.
477 2057 547 2114 tum
582 2050 684 2115 Hiero
721 2049 892 2134 pueritiam
922 2047 1073 2111 Tiridatis

166 2150 312 2236 increpat
340 2173 447 2238 neque
474 2175 574 2239 penes
598 2153 778 2218 Arsaciden
799 2153 987 2238 imperium,
1016 2152 1110 2217 aedis

166 2257 260 2345 inane
284 2277 403 2322 nomen
418 2258 504 2344 apud
523 2258 747 2324 inbellemt
690 2263 747 2322 ext
750 2279 827 2322 erne
841 2258 945 2321 mollit
932 2257 986 2338 tia,
1008 2256 1074 2320 vim

166 2360 200 2424 in
221 2360 425 2447 Abdagaesis
449 2363 557 2428 domo.

146 2515 151 2524 .
232 2467 284 2529 44.
307 2466 415 2531 Sensit
429 2473 523 2530 vetus
538 2465 696 2550 regnandi
711 2465 834 2530 falsos
825 2486 996 2532 mamere
1001 2413 1076 2529 odia

168 2589 233 2632 non
269 2570 401 2653 fingere.
459 2591 520 2635 nec
555 2571 641 2635 ultra
677 2576 820 2634 moratus
864 2591 989 2655 quam
986 2568 1075 2633 dum

168 2673 357 2756 Scytharum
393 2675 516 2737 auxilia
545 2675 687 2740 conciret
718 2674 826 2759 pergit
854 2694 1013 2757 properus
1042 2676 1075 2735 et

167 2776 379 2858 praeveniens
402 2777 605 2842 inimicorum
635 2783 738 2858 astus,
767 2777 944 2841 amicorum
965 2776 1075 2859 paeni-

167 2879 320 2963 tentiam3
350 2902 456 2966 neque
486 2887 622 2945 exuerat
652 2880 846 2966 paedorem,
874 2885 911 2944 ut
942 2878 1097 2962 vulgumv

166 2983 373 3048 miseratione
397 2983 591 3050 adverteret.
635 3004 701 3048 non
728 2985 831 3064 fraus,
862 3003 929 3047 non
950 3002 1075 3067 preces,

167 3086 247 3151 nihil
270 3089 425 3152 omissum
454 3109 516 3173 quo
541 3088 709 3172 ambiguos
739 3088 902 3169 inliceret,
934 3087 1076 3172 prompti

168 3189 378 3256 firmarentur.
422 3192 548 3277 iamque
571 3193 673 3257 multa
696 3213 794 3255 manu
815 3191 996 3276 propinqua
1017 3191 1075 3254 Se·

167 3294 291 3360 leuciae
310 3295 516 3378 adventabat,
539 3318 613 3362 oum
629 3295 789 3360 Tiridates
812 3293 904 3359 simul
928 3294 1012 3357 fama
1027 3302 1075 3358 at·

169 3417 230 3483 que
261 3398 332 3483 ipso
360 3398 526 3464 Artabano
559 3401 726 3484 perculsus
758 3398 894 3464 distrahi
926 3399 1075 3481 consiliis,
1084 3423 1109 3462 ιο

167 3502 229 3568 iret
252 3512 364 3569 contra
385 3525 427 3567 an
449 3503 570 3569 bellum
589 3503 792 3568 cunctatione
811 3508 972 3568 tractaret.
1006 3503 1075 3587 qui-
