2444 4010
266 334 303 372 AB
317 330 444 373 EXGESSU
455 331 521 372 DIVI
533 331 660 374 AUGUSTI
672 333 704 372 1v
718 333 803 373 24-2'1.
933 328 988 385 177

79 492 139 574 liis,
156 498 398 558 consectentur:
414 491 553 557 nonnisi
565 491 646 556 duce
659 487 828 558 interfecto
845 493 990 577 requiem

78 596 155 661 belli
186 597 266 662 fore.
315 603 349 662 at
379 597 435 662 ille
467 597 602 664 deiectis
633 598 752 663 circum
784 598 990 684 stipatoribus

78 703 252 787 vinctoque
281 703 344 767 iam
373 702 439 766 filio
471 709 504 768 at
526 701 636 767 effusis
658 701 800 787 undique
822 702 1026 784 Romaniano

78 806 203 871 ruendo
231 806 264 870 in
291 809 358 871 tela
387 803 608 891 captivitatem
637 805 724 870 haud
748 805 855 870 inulta
885 813 989 870 morte
1016 850 1019 854 -

78 910 194 995 effugit
214 912 306 996 isque
329 907 400 975 finis
423 909 518 975 armis
540 911 720 996 impositus.

145 1011 198 1077 26.
229 1013 422 1080 Dolabellae
443 1015 567 1098 petenti
587 1014 699 1078 abnuit
715 1015 922 1100 triumphalia
936 1015 991 1081 Ti-

77 1118 205 1200 berius,
229 1118 345 1183 Seiano
369 1119 532 1201 tribuens,
553 1139 595 1183 ne
618 1118 729 1183 Blaesi
750 1120 900 1184 avunculi
923 1120 991 1185 eius

76 1223 148 1286 laus
181 1219 408 1288 obsolesceret.
450 1222 512 1288 sed
536 1221 644 1307 neque
673 1222 809 1287 Blaesus
838 1222 914 1287 ideo
944 1225 992 1288 in-

76 1326 208 1392 lustrior
237 1332 270 1391 et
291 1327 366 1392 huic
394 1334 530 1412 negatus
552 1327 658 1391 honor
679 1327 813 1410 gloriam
837 1327 991 1393 intendit:

77 1431 198 1515 quippe
219 1432 346 1496 minore
361 1432 509 1496 exercitu
526 1427 663 1514 insignis
680 1432 834 1515 captivos,
858 1429 1015 1497 caedemc
1098 1441 1101 1445 ’

79 1533 170 1600 ducis
184 1535 327 1621 bellique
347 1539 485 1602 conlecti
499 1537 618 1602 lamam
641 1535 838 1622 deportarat.
876 1533 991 1621 seque-

77 1640 195 1704 bantur
208 1636 250 1704 ‘et
274 1639 506 1706 Garamantum
525 1641 643 1724 legati,
666 1662 740 1704 raro
763 1641 795 1703 in
817 1642 898 1705 urbe
921 1641 992 1724 visi,

78 1763 160 1828 quos
182 1743 384 1811 Tacfarinate
406 1765 511 1809 ⁴‘caeso
540 1744 689 1830 perculsa
704 1767 706 1774 ·
719 1765 799 1829 gens
822 1751 856 1810 ct
879 1746 992 1830 culpae

77 1849 187 1914 nescia
216 1846 257 1913 ad
290 1852 365 1914 satis
393 1848 576 1914 faciendum
608 1849 730 1934 populo
752 1849 902 1914 Romano
931 1851 992 1914 rni-

78 1959 173 2017 serat.
219 1955 357 2038 cognitis
387 1947 505 2020 dehinc
527 1953 709 2018 Ptolemaei
732 1973 792 2039 per
814 1953 847 2018 id
868 1952 1028 2019 bellumro

78 2057 194 2122 studiis
217 2053 374 2143 repetitus
400 2055 442 2124 ex
463 2064 593 2124 vetusto
620 2079 710 2122 more
734 2059 838 2124 honos
859 2058 992 2123 missus-

77 2181 141 2244 que
164 2162 404 2228 esenatoribus
427 2166 482 2247 qui
498 2157 675 2248 ¹scipionem
691 2163 858 2246 chamum,
881 2167 991 2246 togam

76 2266 207 2351 pictam,
232 2269 363 2351 antiqua
383 2275 512 2353 patrum
533 2286 678 2350 munera,
702 2267 794 2332 daret
815 2287 991 2353 regemque

78 2376 110 2434 et
133 2371 257 2434 socium
281 2377 376 2456 atque
400 2373 539 2436 amicum
561 2367 752 2457 appellaret.
923 2367 925 2374 '

143 2473 197 2536 27.
227 2473 352 2539 Eadem
375 2481 497 2540 aestate
520 2481 609 2540 mota
635 2497 695 2560 per
716 2475 845 2540 Italiam
867 2476 991 2542 servilis

75 2578 155 2642 belli
168 2575 290 2643 semina
300 2579 366 2644 fors
379 2580 549 2665 oppressit.
574 2587 687 2644 auctor
696 2581 853 2644 tumultus
862 2579 899 2643 Τ.
912 2580 990 2644 Gur·

75 2681 180 2763 tirius,
206 2682 369 2768 quondam
391 2683 574 2767 praetoriae
598 2683 739 2748 cohortis
762 2679 864 2766 miles,
887 2686 989 2769 primo

76 2787 223 2852 coetibus
246 2786 453 2852 clandestinis
475 2786 561 2873 apud
577 2786 789 2852 Brundisium
807 2793 840 2852 et
856 2789 990 2853 circum-

75 2892 162 2956 iecta
192 2890 330 2977 oppida,
362 2911 440 2955 mox
469 2891 586 2977 positis
617 2890 786 2976 propalam
808 2890 926 2956 libellis
949 2892 1013 2956 ads

74 2995 258 3060 libertatem
280 2995 418 3060 vocabat
436 2996 579 3078 agrestia
600 3014 659 3080 per
677 2994 871 3081 longinquos
884 2996 990 3060 saltus

76 3106 110 3164 et
131 3099 254 3165 ferocia
277 3099 417 3179 servitia,
441 3099 627 3164 cum'ralut
649 3097 783 3164 munere
807 3099 903 3164 deum
924 3105 991 3163 tres

73 3205 214 3270 biremes
231 3201 388 3290 adpulere
411 3203 454 3267 ad
471 3199 547 3269 usus
564 3199 813 3269 commeantium
828 3203 883 3267 illo
898 3204 990 3267 mari.

76 3313 110 3372 et
131 3315 202 3373 erat
222 3308 328 3373 isdem
351 3309 538 3392 regionibus
557 3307 672 3373 Cutius
695 3308 806 3393 Lupus
828 3313 989 3392 quaestor,

76 3411 127 3476 cui
156 3412 323 3494 provincia
352 3411 465 3476 vetere
497 3432 539 3476 ex
561 3431 653 3476 more
677 3411 772 3476 Oales
796 3417 1024 3478 evenerant:1r

74 3515 102 3579 is
126 3514 284 3600 disposita
306 3515 542 3580 classiariorum
572 3517 666 3600 eopia
688 3521 893 3600 coeptantem
917 3537 990 3581 oum
