2482 4014
293 327 331 366 AB
346 327 471 368 EXCESSU
485 327 549 366 DIVI
562 327 690 368 Aucosrr
702 326 734 366 lv
748 326 833 366 38-40.
961 321 1016 378 187

172 489 225 553 40.
259 487 405 552 Tiberius
439 487 570 552 laudata
597 488 720 571 pietate
748 484 857 552 Seiani
887 485 1017 570 suisque

105 592 139 657 in
163 613 237 657 eum
259 591 424 658 beneficiis
446 591 573 656 modice
596 591 773 676 percurris,
796 610 868 654 cum
889 595 1016 674 tempus

106 703 270 781 tamquam
297 696 339 761 ad
361 697 521 781 integram
549 696 817 761 consultationem
839 693 1017 778 petivisset,

106 801 271 866 adiunxit:
295 802 411 866 ceteris
434 801 623 866 mortalibus
646 800 680 864 in
703 821 742 865 eo
767 804 851 862 stare
874 797 1018 880 consilia,

105 905 185 992 quid
206 905 266 970 sibi
289 906 470 971 conducere
494 911 623 992 putent:
654 905 835 989 principum
859 900 1039 982 diverssmo

105 1015 242 1091 sortem,
266 1010 380 1093 quibus
401 1008 576 1093 praecipua
598 1029 707 1072 rerum
729 1007 771 1071 ad
792 1007 909 1070 famam
932 1004 1017 1070 deri-

105 1112 224 1197 genda.
256 1112 332 1178 ideo
356 1134 390 1177 se
413 1133 479 1178 non
501 1113 578 1176 illuc
593 1112 767 1176 decurrere
785 1109 872 1196 quod
887 1130 1017 1194 promp-

103 1223 175 1280 tum
196 1217 369 1302 rescripta,
401 1237 499 1301 posse
520 1217 624 1300 ipsam
646 1215 772 1280 Liviam
795 1219 935 1279 statuere
958 1233 1017 1276 nu-

104 1319 249 1386 bendum
269 1325 346 1407 post
360 1319 502 1384 Drusum
520 1341 561 1384 un
576 1319 610 1382 in
624 1318 796 1403 penatibus
813 1316 918 1381 isdem
936 1315 1019 1381 tole·

104 1423 242 1489 randum
263 1425 415 1506 haberet3
438 1423 486 1486 illi
507 1430 643 1488 matrem
667 1429 701 1487 et
723 1423 842 1505 ariam,
864 1422 1052 1506 propiorem

105 1527 250 1592 consilia.
294 1527 470 1613 simplicius
499 1533 660 1609 acturum,
693 1525 734 1591 de
757 1526 929 1590 inimicitiis
952 1525 1017 1609 pri·

103 1653 193 1696 mmm
215 1631 431 1717 Agrippinae,
464 1653 542 1716 quas
564 1632 663 1716 longe
677 1699 680 1707 ,
693 1628 796 1695 acrius
819 1649 962 1709 arsuras,
991 1628 1019 1691 si

103 1735 346 1799 matrimonium
359 1734 471 1801 Liviae
493 1736 584 1800 velut
605 1735 640 1798 in
661 1739 770 1818 partes
787 1733 918 1796 domum
935 1731 1017 1796 an-

104 1860 215 1904 sarum
238 1838 449 1904 distraxisset.
481 1840 527 1904 sic
548 1859 675 1924 quoque
691 1857 861 1922 erumpere
877 1835 1017 1902 aemula-

102 1943 230 2008 tionem
251 1944 440 2008 feminarum
465 1963 566 2029 eaque
593 1942 754 2008 discordia
775 1947 912 2027 nepotes
927 1951 928 1956 ’
943 1962 1053 2007 con-rs

104 2047 202 2113 velli:
226 2047 304 2132 quid
326 2048 353 2110 si
375 2048 562 2112 intendatur
585 2054 748 2112 certamen
770 2047 827 2110 tali
843 2046 1018 2129 coniugio?

105 2151 239 2234 ,falleris
259 2152 360 2233 enim,
382 2151 509 2233 Seiana,
533 2153 560 2215 si
581 2157 614 2215 te
637 2172 822 2216 mansurum
844 2151 877 2214 in
902 2149 1018 2216 eodem

106 2255 222 2320 ordine
245 2262 338 2340 putas
363 2261 396 2320 et
417 2254 553 2338 Liviam,
578 2274 660 2339 quae
676 2253 759 2318 Gaio
777 2254 918 2334 Caesari,
941 2275 1019 2317 mox

105 2359 216 2424 Druso
240 2366 342 2444 nupta
362 2358 475 2441 tuerit,
505 2380 545 2424 ea
568 2364 678 2422 mente
701 2366 861 2441 acturam,
888 2363 925 2421 ut
947 2377 1020 2421 oum

104 2463 215 2548 equite
231 2463 381 2528 Romano
406 2467 562 2527 senescat.
601 2483 663 2546 ego
686 2463 849 2544 utrinam,
873 2462 1055 2528 credisneco

105 2589 258 2653 passuros
281 2567 336 2650 qui
356 2566 507 2648 tratrem,
535 2565 590 2650 qui
611 2570 738 2649 patrem
760 2566 964 2650 maioresque
986 2566 1020 2628 in

105 2671 239 2736 summis
267 2670 411 2756 imperiis
442 2669 579 2734 ridere?
617 2669 666 2734 vis
695 2675 731 2734 tu
762 2669 893 2754 quidem
922 2671 1020 2734 istum

105 2778 191 2841 intra
213 2774 319 2839 locum
343 2775 473 2838 sistere:
503 2772 562 2837 sed
592 2772 640 2836 illi
662 2773 870 2857 magistratus
900 2779 933 2837 et
955 2773 1019 2857 pri·

104 2899 228 2960 mores,
251 2879 306 2963 qui
327 2884 361 2942 te
383 2879 417 2941 in
438 2877 550 2942 limine
571 2884 784 2963 perrumpunt
807 2879 1019 2964 omnibusque

105 2982 147 3048 de
162 2983 258 3048 rebus
271 2983 451 3063 consulunt,
467 2982 645 3046 excessisse
656 2983 857 3069 iampridem
869 2990 1019 3069 equestre
1029 2996 1055 3036 ²⁵

103 3086 270 3172 fastigium
300 3087 463 3171 longeque
494 3087 613 3150 antisse
639 3087 740 3172 patris
772 3089 836 3152 mei
865 3088 1020 3152 amicitias

104 3211 171 3254 non
201 3190 317 3254 occulti
344 3189 451 3254 ferunt
472 3211 596 3274 perque
618 3189 773 3255 invidiam
796 3192 843 3255 tui
864 3211 916 3255 me
940 3211 1019 3274 quo·

104 3314 169 3380 quc
201 3294 358 3359 incusant.
404 3300 436 3357 at
470 3294 556 3358 enim
586 3294 754 3379 Augustus
787 3295 886 3359 filiam
919 3295 1019 3380 equiti

105 3397 254 3463 Romano
284 3396 413 3462 tradere
443 3397 616 3463 meditatus
641 3405 699 3464 est.
745 3402 860 3464 mirum
887 3400 1020 3464 hercule

104 3505 143 3587 si,
167 3525 240 3568 cum
259 3504 294 3568 in
315 3502 419 3567 omnis
443 3524 535 3567 curas
557 3504 789 3570 distraheretur
809 3503 1054 3568 immensum-so
