2444 4010
262 285 299 325 aa
314 286 442 326 excussu
454 285 520 325 orvs
533 284 661 326 accusas
674 284 710 324 111
723 284 808 324 so-sa.
938 278 994 336 14⁴3

78 442 112 506 id
135 442 303 526 negotium
334 443 375 507 'ad
403 443 593 528 principem,
612 441 813 506 distulerant.
835 441 837 446 ’
858 441 917 505 sed
938 442 993 505 Ti-

78 547 188 624 berius
217 530 446 632 pensitatoan
469 548 612 613 coerceri
639 546 881 632 tamsprolusae
904 548 992 632 cupi-

78 652 172 716 dines
194 659 344 738 possent,
367 675 444 717 num
467 653 619 718 coercitio
643 654 716 738 plus
740 650 847 717 damni
869 654 902 717 in
920 670 1029 717 rem1⁵

76 756 240 840 publicam
256 757 358 822 ferret
379 757 476 842 quam
495 756 685 822 indecorum
706 755 885 822 adtrectare
906 756 993 842 quod

77 882 146 926 non
179 860 340 926 obtineret
372 861 425 926 vel
449 867 611 926 retentum
643 860 852 943 ignominiam
885 857 928 924 et'
944 861 992 926 in·

76 964 208 1030 lamiam
221 965 368 1029 uirorum
385 965 567 1029 inlustrium
582 969 740 1049 posceret,
754 971 923 1048 ¹postremo
940 964 993 1028 lit-

74 1077 164 1135 teras
188 1069 236 1134 ad
254 1075 401 1152 senatum
419 1069 611 1155 composuit,
636 1090 770 1154 quarum
786 1067 946 1134 sententia
960 1069 994 1132 in

72 1176 164 1258 hunc
186 1174 336 1257 modum:
373 1226 376 1236 .
656 1227 658 1231 .
901 1172 902 1178 '
967 1169 970 1176 ’
1002 1200 1029 1239 ao

119 1278 197 1360 a53.
233 1277 370 1360 ,Ceteris
392 1277 537 1341 forsitan
567 1276 601 1341 in
631 1277 745 1358 rebus,
762 1281 884 1362 ¹patres
914 1273 992 1340 'con-

72 1382 204 1468 scripti,
235 1382 339 1466 magis
363 1380 515 1466 expediat
523 1406 527 1442 t
537 1402 588 1445 me
612 1401 722 1444 coram
744 1382 937 1464 interrogari
961 1386 993 1445 et

71 1485 190 1551 :dicere
214 1486 290 1571 quid
313 1507 390 1551 ere
418 1485 548 1571 publica
577 1506 742 1564 censeam:
771 1486 805 1549 in
825 1486 887 1563 hac
909 1487 991 1551 rela-

72 1590 169 1654 tione
200 1589 344 1676 subtrahi
380 1590 508 1655 oculos«
522 1589 654 1672 melius,
691 1611 731 1654 ne
766 1588 992 1654 denotantibus

76 1694 171 1758 robis
196 1714 260 1779 ora
290 1715 327 1759 ac
357 1699 481 1759 metum
513 1695 729 1778 singulorum,
761 1694 817 1779 qui
847 1693 992 1779 pudendi
1002 1720 1019 1757 s·

74 1799 175 1864 luxus
192 1801 427 1883 arguerentur,
459 1799 539 1884 ipse?
555 1798 651 1864 etiam
675 1797 820 1863 viderem
843 1818 880 1862 ac
903 1797 993 1862 velut

79 1899 324 1988 deprenderem.
368 1900 456 1987 quod
479 1903 507 1966 si
529 1924 656 1967 mecum
678 1909 752 1966 ante
776 1902 837 1966 uiri
859 1903 992 1986 strenui,

78 2007 212 2089 aediles,
236 2006 405 2071 consilium
426 2006 625 2082 habuissent,
648 2007 758 2071 nescio
781 2029 993 2072 an'suasurus

6 2099 8 2103 ’
78 2111 195 2177 fuerim
219 2112 370 2176 omittere
391 2111 503 2195 potius·
523 2110 711 2196 praevalida
734 2116 768 2175 et
786 2110 897 2176 adulta
913 2111 993 2175 uitia

80 2237 175 2300 quam
197 2215 260 2279 hoc
283 2215 426 2299 adsequi,
449 2221 486 2279 ut
501 2215 608 2299 palam
626 2216 719 2280 fieret
734 2215 848 2300 quibus
862 2214 992 2300 flagitiis
1004 2242 1030 2281 ro

79 2319 218 2404 impares
242 2339 396 2384 essemus.
439 2319 500 2383 'sed
527 2319 575 2383 illi
598 2320 728 2404 quidem
754 2321 858 2385 officio
882 2321 992 2402 functi,

77 2430 114 2487 ut
134 2422 344 2507 magistratus
367 2423 477 2488 munia
498 2423 635 2508 implere
653 2424 767 2488 velim:
790 2424 870 2502 mihi
885 2429 993 2488 autem

80 2548 184 2614 neque
200 2527 372 2593 honestum
389 2528 485 2592 silere
500 2545 605 2614 neque
627 2529 777 2614 proloqui
793 2528 992 2614 expeditum,

82 2633 153 2716 quia
173 2653 242 2697 non
263 2631 377 2697 aedilis
394 2632 456 2696 'aut
478 2633 637 2717 praetoris
660 2639 716 2697 aut
738 2635 878 2699 consulis
892 2635 992 2718 partis

83 2738 236 2802 sustineo..
276 2737 379 2802 maius
408 2737 531 2822 aliquid
560 2745 593 2802 et
614 2738 776 2802 ,excelsius
805 2737 990 2823 aprineipe
1003 2760 1028 2799 u

83 2842 276 2924 postulatur:
309 2848 342 2907 et
372 2864 444 2907 cum
471 2849 561 2907 recte
590 2843 750 2906 factorum
772 2842 834 2907 sibi
856 2844 992 2925 quisque

83 2948 215 3027 gratiam
236 2946 381 3029 trahant,
403 2947 504 3012 unius
532 2947 654 3012 invidia
682 2947 722 3011 ab
747 2946 895 3012 omnibus
918 2966 993 3030 pec-

86 3056 178 3115 catur.
223 3050 302 3135 quid
325 3052 411 3116 enim
431 3051 572 3136 primum
601 3050 773 3135 prohibere
797 3056 830 3114 et
853 3050 993 3135 priscum

87 3153 124 3216 ad
152 3171 276 3219 morem
310 3155 457 3219 recidere
489 3154 682 3236 adgrediar?
719 3153 909 3218 uillarumne
943 3153 991 3216 in·

88 3255 168 3324 finita
190 3260 317 3345 spatia?
351 3259 545 3324 familiarum
572 3279 743 3323 numerum
767 3263 799 3320 et
821 3257 1028 3320 nationesru

89 3363 204 3446 argenti
222 3369 254 3428 et
272 3363 342 3427 auri
354 3363 509 3448 pondus?
536 3363 620 3428 aeris
635 3360 879 3444 tabularumque
894 3359 990 3424 mira-

91 3467 177 3532 cula?
211 3469 392 3554 promiscas
428 3467 503 3532 viris
535 3476 568 3534 et
597 3465 725 3532 leminis
755 3469 863 3530 vestes
884 3472 992 3549 atque
