2482 4014
221 321 278 377 204
550 327 800 367 coarmmraorm

220 479 439 569 imponeretur
460 482 522 546 nisi
542 482 612 546 solo
626 482 787 546 firmitatis
802 487 979 567 spectatae.
1016 483 1134 548 Atilius

186 588 252 651 roin
275 588 409 653 exilium
430 594 520 652 actus
543 593 602 651 est.
640 595 785 652 ceterum
808 589 867 653 sub
890 595 1055 654 recentem
1070 589 1133 652 cln-

220 692 294 757 dem
317 698 451 777 patuere
472 712 644 776 procerum
660 691 787 775 domus,
809 693 955 757 fomenta
971 699 1004 758 et
1017 692 1135 757 medici

219 797 338 882 passim
360 796 498 882 praebiti
519 796 644 880 fuitque
666 797 743 860 urbs
765 817 825 880 per
846 796 920 862 illos
939 796 1009 861 dies
1024 817 1134 880 quam-

219 921 314 985 quam
336 906 460 965 maesta
480 900 562 964 facie
584 905 733 964 veterum
755 899 910 964 institutis
933 901 1057 984 similis,
1080 902 1134 985 qui

218 1025 335 1089 magna
368 1009 443 1088 post
475 1005 600 1088 proelia
632 1003 759 1068 saucios
789 1005 962 1088 largitione
994 1011 1029 1069 et
1059 1027 1134 1070 cura

186 1129 210 1167 15
219 1108 452 1173 sustentabant.

286 1212 339 1276 64.
372 1210 527 1276 Nondum
549 1231 590 1275 ea
611 1210 721 1275 clades
736 1211 937 1295 exoleverat,
962 1234 1036 1277 cnm
1051 1214 1133 1298 ignis

218 1315 375 1384 violentia
382 1317 497 1381 urbem
506 1317 590 1382 ultra
599 1317 730 1380 solitum
744 1316 874 1399 adfecit,
890 1316 1005 1382 deusto
1022 1324 1131 1384 monte

220 1421 346 1503 Caeli03
378 1420 576 1505 feralemque
597 1441 714 1484 annum
738 1419 887 1485 ferebant
914 1426 948 1485 et
970 1422 1132 1486 ominibus

219 1527 362 1593 adversis
392 1531 577 1611 susceptum
598 1525 737 1610 principi
763 1526 933 1590 consilium
956 1526 1132 1608 absentiae,

197 1635 272 1718 aqui
294 1653 366 1698 mos
388 1632 503 1718 vulgo,
524 1630 657 1697 fortuita
679 1628 721 1693 ad
743 1629 871 1714 culpam
893 1629 1133 1712 trahentes,ni

219 1738 339 1804 Caesar
361 1737 487 1803 obviam
510 1737 589 1800 isset
606 1732 777 1799 tribuendo
794 1733 948 1818 pecuniae
973 1753 1016 1797 ex
1032 1734 1130 1799 modo
1221 1781 1222 1790 .

218 1841 413 1909 detrimenti.
450 1843 606 1923 actaeque
629 1844 737 1922 grates
761 1835 848 1922 apud
871 1841 1019 1902 senabrm
1041 1837 1132 1902 lana-

216 1968 290 2032 que,
305 1946 379 2030 quia
394 1944 463 2008 sine
479 1942 653 2008 ambitione
670 1947 725 2006 aut
740 1941 965 2026 proximorum
979 1942 1132 2025 precibus
1221 1941 1222 1947 ’

215 2053 345 2136 ignotos
361 2051 458 2115 etiam
475 2054 507 2112 et
521 2047 606 2112 ultro
624 2047 744 2111 accitos
759 2045 978 2110 munificentia
992 2047 1131 2111 iuverat.

136 2191 139 2196 ,
181 2176 206 2214 10
214 2155 377 2221 adduntur
400 2152 579 2218 sententiae
601 2156 638 2215 ut
650 2171 743 2216 mons
761 2148 889 2215 caelius
904 2150 938 2215 in
960 2157 1129 2235 posterum

214 2259 381 2342 Augustus
397 2255 626 2342 appellaretur,
649 2253 782 2340 quando
795 2254 917 2320 cunctis
934 2254 1055 2320 circum
1073 2257 1128 2321 lla-

215 2362 381 2448 grantibus
403 2362 473 2426 sola
487 2360 609 2426 Tiberii
632 2359 755 2442 effigies
778 2360 841 2423 sita
861 2359 894 2424 in
918 2357 1017 2424 domo
1042 2360 1127 2425 Iunii

215 2466 372 2532 senatoris
400 2465 554 2530 inviolata
574 2463 761 2527 mansisset.
806 2463 955 2527 evenisse
985 2463 1021 2527 id
1052 2465 1129 2528 olim

217 2571 371 2638 Claudiae
388 2569 526 2645 Quintae
542 2569 675 2652 eiusque
691 2573 829 2631 statuam
851 2569 918 2631 rim
940 2568 1063 2651 ignium
1081 2568 1127 2632 bis

181 2698 207 2736 15
216 2679 359 2762 elapsam
382 2675 521 2739 maiores
544 2671 629 2758 apud
644 2671 760 2737 aedem
774 2672 884 2736 matris
901 2669 999 2736 deum
1015 2692 1126 2736 conse-

216 2781 365 2846 cravisse.
396 2783 524 2843 sanctos
542 2782 756 2860 acceptosque
772 2774 957 2839 numinibus
974 2773 1125 2840 Claudios
1220 2831 1221 2838 ,

215 2893 248 2950 et
271 2882 452 2968 augendam
468 2879 696 2944 caerimoniam
710 2879 795 2956 loco,
818 2877 851 2942 in
865 2897 929 2962 quo
946 2884 1071 2942 tantum
1093 2881 1124 2944 in

214 2988 394 3076 principem
416 2987 574 3050 honorem
598 2983 631 3048 di
655 2981 865 3048 ostenderint.

280 3091 332 3155 65.
364 3087 463 3153 Haud
491 3087 588 3152 fuerit
616 3085 791 3150 absurdum
819 3086 947 3150 tradere
981 3093 1122 3152 montem

214 3193 389 3280 antiquitus
405 3189 712 3275 Querquetulanum,
736 3187 824 3272 quod
843 3189 917 3253 talis
940 3189 1040 3254 silvae
1062 3189 1122 3254 tre-

216 3321 316 3385 quens
339 3279 568 3379 fecundusque,
591 3314 671 3357 mox
693 3291 839 3356 Caelium
860 3291 1084 3377 appellitatum
1104 3315 1123 3357 a

218 3402 315 3466 Caele
344 3400 510 3482 Vibenna,
541 3398 595 3482 qui
629 3396 697 3462 dux
728 3395 834 3478 gentis
863 3395 1020 3460 Etruscae
1052 3417 1121 3462 cum

196 3504 390 3568 aauxiliatus
422 3507 521 3584 esset,
553 3499 665 3564 sedem
697 3505 867 3585 acceperat
900 3521 919 3564 a
950 3500 1119 3585 Tarquinio
