2482 4014
229 277 284 335 188
563 277 701 318 CORNELII
715 278 813 318 raom

228 458 290 523 que
303 437 408 501 attolli
424 435 612 521 provideret
623 458 719 521 quem
732 436 958 500 coniunctione
975 434 1029 498 tali
1039 455 1136 519 super

227 541 308 604 alios
337 540 523 622 extulisset,
558 539 594 605 Ο.
618 539 826 605 Proculeium
857 546 890 604 et
919 539 1077 625 quosdam
1105 539 1137 602 in

228 645 428 711 sermonibus
440 643 553 710 habuit
563 643 681 728 insigni
692 643 923 729 tranquillitate
934 644 1028 726 ritae,
1042 643 1138 707 nullis

112 755 115 762 '
228 751 276 816 rei
288 751 436 836 publicae
448 749 589 833 negotiis
605 749 793 834 permixtos.
822 747 881 813 sed
898 748 925 811 si
939 747 1138 812 dubitatione

193 882 219 920 es
227 853 368 938 Augusti
391 873 573 936 movemur,
603 859 722 937 quanto
752 852 891 918 validius
920 854 1008 938 quod
1028 854 1138 918 Marco

227 957 405 1043 Agrippae,
428 977 507 1020 mox
523 957 605 1020 mihi.
626 957 829 1022 conlocavit?
861 963 957 1042 atque
980 977 1040 1041 ego
1060 959 1141 1022 haec

228 1083 287 1146 pro
319 1059 460 1124 amicitia
482 1081 548 1124 non
570 1060 746 1125 occultavi:
778 1066 922 1126 ceterum
949 1081 1056 1146 neque
1080 1061 1141 1126 tuis

108 1242 110 1246 ,
229 1185 335 1252 neque
366 1164 480 1228 Liviae
513 1163 681 1230 destinatis
710 1165 916 1230 adversabor.
963 1166 1032 1250 ipse
1066 1163 1141 1250 quid

229 1272 313 1335 intra
336 1269 477 1333 animum
497 1269 722 1350 volutaverim,
745 1269 860 1353 quibus
882 1269 987 1333 adhuc
1001 1270 1142 1334 necessi-

193 1374 394 1465 rctudinibus
415 1374 584 1440 inmiscere
613 1379 647 1438 te
673 1374 752 1439 mihi
774 1395 903 1460 parem,
933 1375 1082 1440 omittam
1105 1371 1143 1437 ad

231 1501 384 1566 praesens
407 1480 543 1546 referre:
576 1478 610 1543 id
632 1484 758 1544 tantum
780 1481 941 1565 aperiam,
971 1478 1052 1542 nihil
1080 1485 1142 1542 tarn

232 1584 407 1666 excelsum,
430 1583 516 1666 quod
539 1605 605 1648 non
626 1583 762 1649 virtutes
786 1585 866 1648 istae
882 1588 1019 1667 tuusque
1042 1584 1078 1646 in
1095 1604 1143 1646 mc

231 1689 356 1754 animus
371 1692 565 1770 mereantur,
589 1688 730 1772 datoque
746 1695 894 1772 tempore
910 1687 964 1752 vel
981 1686 1014 1752 in
1030 1692 1143 1752 senatu

231 1794 285 1860 vel
305 1794 338 1857 in
362 1793 513 1858 contione
535 1814 601 1858 non
624 1790 789 1858 reticebo.‘

298 1899 351 1962 41.
380 1896 522 1962 Rursum
537 1896 682 1982 Seianus,
705 1898 857 1961 uoniam
881 1897 921 1961 de
938 1895 1143 1960 matrimonio

233 2001 291 2068 sed
314 2001 409 2065 altius
427 2006 586 2086 metuens,
609 2001 707 2065 tacita
729 2000 957 2086 suspicionum,
979 2000 1073 2084 vulgi
1094 2021 1144 2064 rn-
1217 2051 1218 2054 η

233 2125 371 2188 morem,
393 2105 599 2190 ingruentem
621 2105 774 2170 invidiam
798 2105 1002 2190 deprecatur.
1045 2127 1086 2170 ac
1106 2127 1144 2170 nc

233 2209 386 2274 adsiduos
415 2209 449 2273 in
478 2207 610 2273 domum
643 2216 754 2274 coetus
786 2210 926 2275 arcendo
955 2209 1145 2294 infringeret

213 2313 414 2398 spotentiam
426 2318 481 2377 aut
492 2314 689 2399 receptando
703 2315 890 2380 facultatem
904 2316 1144 2381 criminantibus

234 2416 415 2503 praeberet,
438 2417 501 2481 huc
515 2418 616 2500 flexit,
639 2424 676 2482 ut
697 2417 862 2482 Tiberium
884 2418 927 2482 ad
949 2419 1050 2482 vitam
1072 2439 1144 2504 pro·

235 2524 288 2588 cul
314 2521 421 2586 Roma
452 2523 596 2588 amoenis
629 2522 709 2586 locis
741 2521 925 2605 degendam
955 2521 1145 2607 impelleret.

234 2628 336 2692 multa
317 2628 486 2713 aquippe
517 2627 725 2712 providebat:
764 2647 823 2690 sua
850 2626 884 2690 in
912 2647 1010 2690 manu
1041 2626 1145 2690 adius

234 2733 477 2817 litterarumque
507 2753 626 2816 magna
651 2736 808 2816 exparte
832 2751 866 2795 se
891 2730 1046 2794 arbitrum
1068 2730 1145 2808 fore,

201 2858 310 2906 rreum
343 2855 403 2920 per
435 2834 554 2898 milites
587 2839 823 2899 commearent.
864 2854 943 2898 mox
976 2833 1145 2899 Gaesarem

235 2947 391 3028 vergente
420 2941 486 3005 iam
515 2945 646 3005 senecta
676 2946 781 3005 secret
783 2960 867 3024 oque
894 2939 957 3004 loci
989 2938 1144 3002 mollitum

235 3045 345 3112 munia
367 3044 495 3129 imperii
516 3044 642 3108 facilius
661 3043 899 3126 tramissurnm3
923 3049 957 3108 et
972 3043 1075 3107 minur
1065 3040 1146 3106 sibi
1217 3001 1218 3096 l

235 3150 390 3215 invidiam
422 3149 575 3234 adempta
602 3151 686 3214 salut
673 3154 798 3213 tantum
827 3146 922 3212 turba
952 3147 1145 3230 sublatisque

237 3254 387 3319 inanibus
415 3275 492 3318 vera
522 3255 669 3337 potentia
700 3253 822 3338 vigere.
867 3252 965 3336 igitur
995 3250 1144 3335 paulatim

205 3358 371 3442 nnegotia
392 3356 489 3440 urbis,
513 3357 626 3442 populi
647 3356 813 3439 adcursus,
835 3355 1075 3419 multitudinem
1091 3351 1143 3416 ad·

239 3461 407 3526 fluentium
429 3460 584 3546 increpat,
607 3460 769 3526 extollens
787 3459 936 3524 laudibus
955 3459 1096 3543 quietem
1115 3460 1145 3520 et
