2444 4010
219 293 274 350 122
546 304 684 345 oouunmr
698 303 797 343 rnorrr

181 477 206 517 ro
216 464 359 524 nostram
387 460 429 524 ad
457 462 621 528 iuventam
644 465 851 529 duraverunt.
898 462 1020 528 Caesar
1042 462 1123 524 flexo

215 563 249 626 in
263 564 457 629 maestitiam
473 588 529 632 ore
552 566 657 650 (suam
671 570 826 634 invidiam
840 569 896 634 tali
909 574 1013 632 morte
1030 586 1124 652 quae·

216 664 326 750 sitam)
356 670 402 734 M.
424 669 578 736 Pisonem
600 679 696 738 vocat
717 673 751 739 in
773 679 921 739 senatum
943 670 1125 754 crebrisque
1214 669 1215 684 ³

214 771 521 856 interrogationibus
544 776 686 860 exquirit
713 777 843 862 qualem
864 777 940 840 Piso
968 773 1056 838 diem
1078 795 1127 836 su·
1213 761 1215 792 ¹

183 933 188 944 .
215 897 362 960 premam
390 886 582 963 noctemque
607 882 780 965 exegisset.
824 888 921 965 atque
942 879 998 943 illo
1023 878 1128 964 plera·
1214 879 1215 886 ’

182 998 207 1035 15
216 1001 280 1064 que
298 981 470 1065 sapienter,
494 983 654 1067 quaedam
675 984 888 1050 inconsultius
910 980 1128 1068 respondente

216 1084 329 1150 recitat
352 1083 519 1150 codicillos
543 1087 696 1152 aPisone
719 1089 753 1153 in
769 1089 854 1153 hunc
876 1089 978 1152 ferme
996 1085 1129 1150 modum

217 1190 431 1274 compositos:
462 1192 710 1277 ‚conspiratione
732 1193 934 1258 inimicorum
957 1198 990 1256 et
1009 1188 1129 1255 invidia

216 1292 287 1358 falsi
305 1293 445 1358 criminis
462 1315 646 1379 oppressus,
670 1304 828 1381 quatenus
842 1296 972 1361 veritati
988 1299 1021 1360 et
1035 1296 1129 1360 inno·

218 1398 341 1462 centiae
374 1419 530 1484 nusquam
559 1400 667 1482 locus,
701 1400 780 1466 deos
809 1401 998 1464 inmortales
1027 1403 1130 1462 testor

182 1501 346 1585 revixisse,
371 1502 500 1585 Caesar,
525 1525 598 1568 cum
619 1503 683 1569 fide
706 1505 879 1570 adversum
894 1510 926 1568 te
942 1524 1052 1587 neque
1069 1502 1130 1567 alic
1213 1529 1215 1602 ς

217 1608 250 1671 in
271 1614 408 1673 matrem
437 1613 526 1672 tuam
548 1610 670 1694 pietate
692 1631 815 1694 vosque
840 1630 896 1673 oro
920 1607 1030 1673 literis
1057 1627 1130 1672 con·
1213 1613 1215 1636 ³

217 1710 338 1793 culatis,
362 1732 404 1776 ex
426 1711 543 1797 quibus
560 1713 619 1778 On.
635 1713 710 1777 Piso
735 1713 960 1798 qualicumque
979 1713 1131 1778 fortunae

215 1837 308 1882 meae
330 1838 396 1881 non
418 1815 604 1899 adiunctus,
634 1839 708 1882 cum
740 1839 834 1883 omne
861 1817 924 1881 hoo
946 1822 1078 1901 tempus
1100 1816 1131 1879 in

216 1919 295 1986 urbe
320 1921 431 2006 egerit,
453 1923 498 1987 Μ.
517 1922 593 1986 Piso
618 1931 767 2008 repetere
790 1921 916 1988 Suriam
941 1919 1131 1985 dehortatus
1213 2001 1214 2010 ἵ

182 2031 277 2090 otest.
322 2031 418 2111 atque
447 2027 571 2091 utinam
593 2047 655 2110 ego
680 2027 789 2112 potius
811 2027 877 2090 filio
900 2025 1011 2091 iuveni
1034 2045 1132 2110 quam

207 2130 272 2212 ille
295 2131 379 2215 patri
400 2131 470 2196 seni
493 2131 651 2195 cessisset.
697 2152 735 2196 eo
760 2130 926 2216 inpensius
949 2150 1069 2214 precor
1091 2148 1132 2193 nc

218 2235 383 2318 pravitatis
405 2256 527 2320 poenas
550 2236 702 2300 innoxius
728 2236 806 2300 luat.
850 2255 910 2319 per
933 2234 1077 2319 quinque
1101 2241 1132 2297 et
1212 2301 1213 2312 2

219 2338 430 2423 quadraginta
452 2360 610 2404 annorum
633 2338 841 2424 obsequium,
869 2359 928 2423 por
958 2337 1132 2422 collegium

219 2441 405 2506 consulatus
432 2443 595 2527 quondam
628 2443 702 2507 divo
733 2442 883 2528 Augusto
916 2442 1043 2527 parenti
1075 2451 1131 2506 tuo

183 2547 373 2632 reprobatus
396 2552 429 2610 et
451 2548 510 2611 tibi
532 2549 654 2612 amicus
675 2569 736 2612 nec
760 2549 930 2632 quiequam
952 2551 1027 2631 post
1051 2547 1131 2610 haec
1211 2599 1212 2622 ἶ

218 2656 390 2735 rogaturus
413 2651 550 2714 salutem
564 2651 702 2716 infelicis
716 2651 773 2714 filii
787 2647 890 2736 rogo.‘
922 2650 963 2715 de
975 2649 1132 2714 Plancina

218 2756 298 2820 nihil
321 2754 457 2819 addidit.

286 2862 334 2929 17.
361 2860 441 2923 Post
464 2881 546 2944 quae
564 2858 711 2924 Tiberius
733 2859 975 2926 adulescentem
998 2857 1131 2922 crimine
1210 2897 1211 2938 q

218 2964 320 3030 civilis
337 2964 417 3029 belli
436 2964 596 3048 purgavit,
617 2964 717 3048 patris
738 2965 857 3049 quippe
880 2964 966 3029 iussa
989 2982 1049 3027 nec
1072 2983 1130 3047 po·

217 3070 317 3134 tuisse
339 3068 441 3132 filium
463 3067 654 3150 detrectare,
678 3067 773 3131 simul
788 3067 990 3134 nobilitatem
1005 3065 1131 3144 domus,

219 3171 316 3236 etiam
337 3170 439 3255 ipsius
461 3190 593 3256 quoquo
616 3167 714 3234 modo
736 3169 844 3235 meriti
866 3189 1000 3252 gravem
1021 3190 1132 3234 casum

198 3277 397 3341 amiseratis.
441 3296 500 3359 pro
523 3275 679 3340 Plancina
709 3297 782 3340 cum
803 3274 929 3360 pudore
953 3281 987 3338 et
1008 3274 1131 3358 flagitio

220 3379 386 3458 disseruit,
408 3380 520 3443 matris
542 3399 656 3466 preces
680 3378 875 3461 obtendens,
899 3379 932 3442 in
955 3398 1051 3462 quam
1072 3399 1130 3463 op·

223 3481 293 3544 timi
315 3482 470 3566 cuiusque
493 3483 609 3548 secreti
631 3490 763 3567 questus
785 3483 888 3568 magis
910 3480 1131 3548 ardescebant.
