2498 4010
185 285 222 340 68
518 288 658 328 conanum
671 288 769 327 raorrr

184 448 340 531 stiterant‚
363 449 396 512 in
419 448 531 512 silvam
546 447 692 511 ruebant.
723 444 821 508 medii
836 445 919 509 inter
935 446 994 509 hos
1012 445 1099 510 Che-

182 554 266 618 rusci
297 554 429 618 collibus
455 552 723 633 detrudebantur,
752 551 835 614 inter
858 571 939 634 quos
961 551 1100 634 insignis

183 657 346 722 Arminius
369 678 465 721 manu
484 676 565 721 voce
581 656 712 719 vulnere
729 655 929 720 sustentabat
944 674 1097 740 pugnam,

147 782 172 821 rs
182 763 433 846 incubueratque
464 759 637 844 sagittariis
667 759 723 823 illa
751 763 918 842 rupturus,
947 759 981 823 ni
1009 759 1098 823 Rae-

181 874 288 931 torum
302 866 609 950 Vindelicorumque
628 871 661 930 et
678 863 821 928 Gallicae
838 864 987 929 cohortes
1002 866 1099 948 signa

182 971 385 1036 obiecissent.
428 970 500 1033 nisu
523 975 630 1033 tamen
654 968 796 1052 corporis
821 973 852 1032 et
874 968 996 1054 impetu
1020 970 1099 1052 equi

180 1074 331 1160 pervasit,
355 1074 473 1138 oblitus
488 1072 604 1137 faciem
620 1094 678 1137 suo
696 1092 819 1154 cruore,
839 1093 879 1137 nc
895 1081 1096 1138 nosceretur.

181 1177 309 1262 quidam
333 1177 500 1261 adgnitum
522 1199 541 1241 a
557 1176 695 1240 Chaucis
715 1176 798 1240 inter
815 1176 934 1241 auxilia
946 1176 1097 1241 Romana

145 1283 349 1365 uagantibus
364 1281 577 1365 emissumque
590 1280 803 1345 tradiderunt.
826 1282 927 1346 virtus
938 1303 995 1346 seu
1005 1282 1097 1346 fraus

181 1384 294 1450 eadem
312 1385 517 1469 Inguiomero
542 1385 698 1469 effugium
722 1384 827 1448 dedit:
851 1386 950 1450 ceteri
972 1386 1096 1470 passim

179 1490 339 1556 trucidati.
378 1497 410 1556 et
432 1491 603 1576 plerosque
619 1497 745 1554 tranare
761 1489 925 1572 Visurgim
940 1497 1096 1556 conantes

178 1595 296 1660 iniecta
311 1596 377 1660 tela
392 1601 447 1659 aut
462 1596 509 1659 vis
524 1594 673 1676 fluminis,
696 1599 860 1677 postremo
878 1594 980 1658 moles
995 1616 1095 1659 ruen-

177 1701 256 1765 tium
281 1707 313 1765 ct
336 1699 514 1764 incidentes
537 1698 625 1782 ripae
651 1717 818 1781 operuere.
853 1697 983 1781 quidam
1006 1700 1095 1784 turpi

143 1803 253 1889 refuga
276 1804 308 1867 in
332 1825 456 1868 summa
478 1804 627 1868 arborum
651 1802 811 1886 ramisque
833 1824 868 1868 se
893 1804 1095 1870 occultantes

178 1907 316 1972 admotis
340 1906 514 1992 sagittariis
536 1926 594 1990 per
610 1905 781 1968 ludibrium
796 1906 985 1991 figebantur,
1009 1906 1094 1972 alios

175 2017 328 2097 prorutae
353 2010 484 2074 arbores
507 2007 672 2073 adflixere.

245 2117 293 2178 18.
323 2115 442 2198 Magna
472 2135 510 2178 ea
539 2113 675 2177 victoria
701 2134 807 2198 neque
839 2121 971 2179 cruenta
996 2114 1095 2180 uobis

174 2219 244 2285 fuit.
282 2219 393 2305 quinta
416 2217 456 2282 ab
478 2217 558 2282 hora
580 2217 645 2282 diei
668 2217 708 2280 ad
731 2223 861 2282 noctem
877 2219 961 2283 caesi
978 2220 1094 2286 hostes

177 2322 289 2386 decem
324 2322 412 2386 milia
443 2342 594 2406 passuum
626 2320 834 2386 cadaveribus
865 2330 961 2407 atque
993 2325 1094 2389 armis

177 2427 368 2511 opplevere,
399 2425 535 2509 repertis
567 2427 651 2490 inter
683 2425 786 2510 spolia
815 2447 928 2491 eorum
958 2428 1093 2513 catenis,

153 2551 254 2615 aquas
282 2531 316 2593 iu
338 2529 503 2594 Romanos
528 2536 652 2594 utnon
675 2529 773 2593 dubio
798 2537 916 2595 eventu
938 2537 1093 2616 portave-

174 2639 256 2698 rant.
291 2634 384 2699 miles
406 2635 438 2698 in
459 2636 531 2699 loco
547 2634 664 2721 proelii
680 2634 844 2700 Tiberium
859 2637 1094 2720 imperatorem

174 2739 325 2803 salutavit
354 2739 533 2823 struxitque
563 2759 718 2824 aggerem
748 2746 781 2805 et
810 2742 843 2804 in
866 2739 998 2804 modum
1020 2748 1093 2806 tro-

173 2863 328 2927 paeorum
359 2863 447 2906 arma
474 2843 661 2928 subscriptis
683 2844 838 2909 victarum
861 2845 1004 2930 gentium
1027 2869 1092 2913 no-

172 2947 313 3011 minibus
338 2946 501 3032 imposuit.

241 3053 290 3114 19.
313 3049 412 3116 Haud
434 3051 569 3137 perinde
595 3051 775 3118 Germanos
797 3055 946 3137 vulnera,
973 3056 1091 3142 luctus,

172 3156 300 3223 excidia
328 3177 423 3242 quam
454 3176 493 3220 ea
521 3156 646 3241 species
677 3156 789 3223 dolore
819 3163 852 3222 et
881 3158 928 3222 ira
956 3159 1090 3228 adfecit.

170 3262 225 3346 qui
252 3261 350 3325 modo
375 3260 463 3324 abire
486 3259 632 3344 sedibus,
663 3268 750 3325 trans
771 3260 882 3327 Albim
905 3263 1089 3331 concedere

170 3363 343 3449 parabant,
368 3384 509 3447 pugnam
532 3364 662 3446 volunt,
686 3387 776 3431 arma
797 3368 941 3452 rapiunt3
970 3368 1089 3454 plebes

150 3469 338 3552 sprimores‚
354 3467 502 3533 iuventus
518 3489 612 3535 senes
625 3489 743 3552 agmen
753 3469 936 3536 Romanum
949 3480 1089 3557 repente
