2444 4010
280 327 318 366 aa
331 325 457 368 uxcnssu
469 326 535 366 nrvr
547 326 675 368 aucusrr
687 326 719 367 rv
733 326 817 368 rs-u.
943 320 996 377 171

89 487 268 554 demutari:
292 485 351 552 sed
373 486 439 550 lata
459 486 531 564 lex,
555 505 620 571 qua
640 485 800 551 flaminica
821 485 924 550 Dialia
948 508 998 550 sa-

86 616 215 660 crorum
245 615 342 659 causa
363 595 397 659 in
419 597 581 680 potestate
603 592 678 676 viri,
709 599 817 658 cetera
838 591 997 677 promisco

85 699 281 764 feminarum
296 698 365 762 iure
378 704 500 783 ageret.
531 703 564 761 et
576 697 659 762 filius
669 696 901 782 Maluginensis
915 697 999 782 patri

85 803 252 874 suffectus.
302 810 402 887 utque
436 803 587 886 glisceret
619 802 762 886 dignatio
795 800 1033 867 sacerdotumac

87 913 187 994 atque
208 907 288 993 ipsis
309 908 490 992 promptior
512 907 636 972 animus
658 908 742 973 foret
764 906 805 971 ad
828 926 998 991 capessen-

86 1011 146 1076 das
162 1011 385 1093 caerimonias,
400 1009 567 1076 decretum
583 1010 754 1076 Corneliae
769 1011 897 1096 virgini,
917 1031 999 1095 quae

83 1117 119 1181 in
141 1117 250 1183 locum
271 1116 419 1182 Scantiae
443 1115 644 1201 capiebatur,
675 1114 857 1180 sestertium
878 1113 999 1179 viciens

83 1226 129 1300 et,
152 1219 303 1305 quotiens
317 1217 466 1304 Augusta
480 1219 643 1284 theatrum
658 1218 832 1302 introisset,
854 1223 891 1282 ut
905 1217 1000 1283 sedes

84 1324 171 1390 inter
193 1324 373 1389 Vestalium
398 1323 590 1388 consideret.
1007 1344 1037 1386 aa·

153 1431 205 1494 17.
239 1428 392 1494 Cornelio
417 1428 563 1513 Cethego
586 1427 722 1492 Visellio
745 1426 893 1492 Varrone
923 1447 999 1492 con-

86 1533 211 1598 sulibus
232 1532 402 1618 pontifices
425 1552 602 1616 eorumque
626 1532 778 1618 exemplo
804 1531 998 1615 sacerdotes,

85 1660 159 1704 oum
192 1658 250 1722 pro
273 1636 493 1702 incolumitate
516 1636 668 1722 principis
690 1641 768 1700 uota
790 1635 999 1719 susciperent,

82 1743 251 1808 Neronem
267 1762 395 1827 quoque
408 1748 441 1806 ct
451 1740 594 1806 Drusum
609 1740 713 1805 isdem
729 1738 778 1803 dis
794 1739 998 1805 commenda-

83 1866 175 1929 vere,
198 1867 264 1911 non
286 1851 353 1910 tam
377 1846 510 1910 caritate
525 1847 677 1912 iuvenum
690 1865 786 1929 quam
801 1845 1018 1926 adulationes

83 1971 171 2037 quae
192 1949 335 2016 moribus
357 1950 515 2035 corruptis
537 1949 672 2036 perinde
695 1969 831 2035 anceps,
861 1949 888 2013 si
910 1949 997 2014 nulla

83 2063 118 2122 et
141 2055 198 2120 ubi
220 2054 327 2119 nimia.
359 2076 434 2119 nam
448 2055 595 2120 Tiberius
618 2054 705 2119 haud
719 2075 872 2139 umquam
888 2054 996 2119 domui

84 2158 272 2225 Germanici
293 2158 396 2241 mitis,
417 2167 496 2224 tum
520 2180 597 2224 vero
620 2160 751 2244 aequari
774 2159 996 2225 adulcsoentca

83 2268 236 2330 senectae
269 2283 346 2330 suae
383 2263 580 2348 inpatienter
617 2263 772 2346 indoluit3
815 2263 997 2348 accitosque

82 2367 255 2452 pontifices
277 2372 484 2450 percontatus
507 2375 556 2433 est
570 2389 647 2432 num
662 2368 697 2435 id
711 2365 861 2454 ‘precibus
876 2368 1032 2455 Agrip-10

81 2471 180 2556 pinaa
202 2475 258 2536 aut
273 2471 368 2536 minis
382 2471 580 2537 tribuissent.
613 2478 647 2536 ct
663 2472 711 2537 illi
726 2472 866 2558 quidem,
885 2494 996 2557 quam-

11 2625 14 2634 ,
83 2595 181 2659 quam
204 2575 399 2658 abnuerent,
421 2576 549 2641 modice
571 2578 748 2661 perstricti3
780 2578 900 2642 etenim
922 2599 996 2663 pars
1119 2627 1123 2636 f

82 2699 203 2763 magna
226 2698 245 2742 e
266 2679 455 2764 propinquis
476 2678 578 2765 ipsius
600 2687 657 2745 aut
677 2682 837 2766 primores
859 2681 996 2746 civitatis

84 2787 194 2846 erant:
228 2782 261 2848 in
293 2788 407 2848 senatu
439 2785 583 2849 oratione
611 2784 737 2850 monuit
766 2786 800 2849 in
830 2791 995 2870 posterum

82 2885 199 2972 nequis
217 2885 356 2951 mobiles
377 2886 632 2953 adulescentium
646 2889 770 2955 animos
785 2891 997 2976 praematuris
1006 2916 1030 2956 15

82 2990 311 3057 honoribusad
325 2992 508 3078 superbiam
518 2994 701 3060 extolleret.
723 2995 864 3060 instabat
875 2996 994 3082 quippe

83 3094 221 3161 Seianus
243 3095 473 3181 incusabatque
496 3097 660 3164 diductam
678 3099 841 3164 civitatem
860 3105 896 3164 ut
912 3099 997 3163 civili

83 3198 188 3282 bello;
212 3220 284 3265 esse
307 3201 362 3286 qui
385 3223 419 3266 se
441 3203 581 3288 partium
595 3202 797 3289 Agrippinae
817 3211 934 3268 vocent
948 3223 996 3285 ac,

83 3303 118 3366 ni
138 3303 323 3388 resistatur,
346 3306 422 3387 ‚lore
444 3305 560 3391 pluris3
592 3326 697 3390 neque
721 3305 809 3371 aliud
832 3303 996 3390 gliscentis

86 3405 267 3472 discordiae
295 3409 476 3476 remedium
505 3431 599 3495 quam
629 3410 655 3474 si
678 3431 760 3476 unus
783 3410 907 3476 alterve
929 3433 1032 3480 marc

88 3510 176 3577 xime
199 3513 340 3599 prompti
363 3515 636 3580 subverterentur.

781 3615 839 3672 10*
