2444 4010
194 325 250 382 156
522 329 661 370 connum
674 329 771 369 naornr

192 487 341 572 Augusto
365 489 537 554 constituta
560 489 637 552 satis
661 487 874 580 ostendebant
896 509 1036 553 annuam
1052 489 1107 552 ab·

193 592 329 656 sentiam
358 597 391 656 et
412 592 649 678 provinciarum
672 591 983 657 administrationem
1007 591 1109 656 Diali-

192 697 252 761 bus
285 717 352 762 non
386 696 531 761 concedi.
577 695 880 781 memorabaturque
912 696 950 760 L.
984 695 1110 761 Metelli

159 822 184 861 1ο
195 801 353 886 pontificis
381 801 513 864 maximi
537 801 740 885 exemplum,
771 801 824 885 qui
847 801 968 865 Aulum
991 801 1109 865 Postu·

195 904 293 968 mium
315 904 476 968 flaminem
500 904 690 968 attinuisset.
726 905 772 969 ita
787 925 857 969 sors
871 903 971 970 Asiae
987 905 1021 968 in
1036 925 1112 969 eum

194 1010 248 1093 qui
272 1009 487 1074 consularium
509 1009 726 1094 Maluginensi
748 1010 915 1094 proximus
938 1010 1077 1072 conlata.

262 1116 312 1178 ta.
344 1113 453 1177 Isdem
484 1113 598 1178 diebus
619 1113 764 1197 Lepidus
793 1114 833 1178 ab
859 1118 973 1177 senatu
994 1113 1113 1197 petivit

194 1225 230 1283 ut
253 1218 418 1282 basilicam
441 1218 550 1297 Pauli,
573 1216 716 1282 Aemilia
738 1221 957 1295 monumenta,
979 1217 1113 1301 propria

196 1323 333 1408 pecunia
363 1322 505 1386 firmaret
529 1328 729 1406 omaretque.
776 1328 844 1387 erat
866 1321 963 1386 etiarn
985 1325 1057 1384 tum
1080 1323 1112 1385 in

197 1447 287 1491 more
303 1426 433 1511 publica
448 1425 683 1507 munificentia,
706 1445 766 1490 nee
782 1423 948 1508 Augustus
965 1430 1113 1489 arcuerat

176 1531 337 1594 sTaurum
360 1529 549 1615 Philippum
570 1529 710 1595 Balbum
737 1530 872 1594 hostiles
900 1530 1036 1594 exuvias
1060 1535 1115 1594 aut

198 1633 391 1699 exundantis
422 1654 501 1717 opes
531 1639 676 1700 ornatum
707 1634 749 1699 ad
775 1634 862 1698 urbis
891 1641 924 1699 et
946 1641 1113 1720 posterum

198 1739 335 1824 gloriam
370 1738 526 1802 conferre.
576 1758 638 1823 quo
676 1744 744 1802 tum
777 1739 927 1823 exemplo
959 1738 1113 1823 Lepidus,

200 1862 392 1927 quamquam
421 1843 577 1926 pecuniae
603 1841 767 1924 modicus,
797 1843 918 1906 avitum
940 1843 1040 1908 decus
1063 1865 1112 1908 re-

202 1946 311 2010 coluit.
351 1950 384 2009 at
398 1946 536 2028 Pompei
550 1947 711 2010 theatrum
726 1947 801 2030 igne
817 1947 948 2013 fortuito
965 1948 1113 2012 haustum
1210 1971 1211 1985 ¹

168 2049 322 2114 1oCaesar
345 2055 566 2114 extructurum
589 2052 767 2136 pollicitus,
797 2050 884 2135 quod
906 2073 1001 2115 nemo
1025 2073 1044 2116 e
1068 2052 1112 2116 fa·

202 2156 291 2220 milia
315 2154 525 2220 restaurando
550 2157 724 2238 sufficeret,
755 2162 904 2220 manente
927 2162 1035 2221 tamen
1057 2177 1113 2220 no·

203 2260 298 2323 mine.
339 2260 432 2323 simul
456 2259 606 2324 laudibus
630 2260 781 2324 Seianum
801 2260 926 2342 extulit,
950 2266 1113 2344 tamquam
1209 2249 1210 2267 ¹

202 2363 313 2428 labore
344 2364 576 2450 vigilantiaque
607 2365 677 2429 eius
707 2369 796 2428 tanta
824 2366 874 2428 vis
903 2384 1002 2428 unum
1031 2365 1113 2428 intra

204 2466 354 2531 damnum
387 2468 538 2533 stetisset.
585 2472 618 2531 et
647 2488 802 2532 censuere
833 2475 941 2552 patres
973 2468 1114 2553 effigiem
1208 2519 1209 2549 ,

167 2591 193 2631 1⁵
203 2571 337 2653 Seiano,
372 2593 455 2655 quae
488 2571 574 2655 apud
604 2573 765 2636 theatrum
793 2573 964 2636 locaretur.
1008 2592 1114 2656 neque

203 2675 305 2739 multo
337 2681 412 2760 post
443 2675 579 2758 Caesar,
612 2696 684 2740 oum
713 2672 842 2741 Iunium
869 2676 1023 2741 Blaesum
1055 2699 1113 2763 pro

202 2779 334 2845 consule
370 2778 500 2844 Africae
536 2779 689 2864 triumphi
724 2779 904 2864 insignibus
939 2781 1114 2862 attolleret,

203 2884 280 2950 dare
303 2885 336 2948 id
360 2905 395 2950 se
419 2883 502 2948 dixit
525 2885 641 2949 honori
664 2884 787 2967 Seiani,
819 2886 909 2949 ouius
936 2886 991 2951 ille
1015 2907 1114 2951 avun-

202 2992 294 3053 culus
317 2994 397 3054 erat.
444 2997 613 3054 notamen
641 3010 694 3054 res
717 2989 827 3055 Blaesi
851 2990 966 3076 dignae
998 2991 1115 3055 decore

167 3094 259 3158 rotali
285 3095 389 3159 fuere.

269 3200 318 3263 73.
350 3199 435 3264 Nam
456 3199 657 3278 Tacfarinas,
685 3221 877 3286 quamquam
904 3200 1034 3284 saepius
1060 3200 1114 3264 de·
1205 3185 1206 3188 Ἴ

201 3302 326 3386 pulsus,
355 3303 511 3388 reparatis
534 3324 593 3388 per
615 3305 727 3368 intima
748 3303 878 3368 Africae
901 3302 1031 3368 auxiliis
1054 3304 1116 3368 hue

201 3406 409 3490 adrogantiae
433 3412 575 3488 venerat,
597 3412 634 3470 ut
655 3408 782 3492 legatos
805 3406 847 3470 ad
862 3405 1025 3471 Tiberium
1041 3409 1116 3471 mit·

200 3515 284 3574 teret
318 3510 494 3594 sedemque
530 3512 616 3575 ultro
650 3510 710 3575 sibi
741 3519 836 3596 atque
870 3510 1024 3576 exercitui
1057 3532 1114 3576 suo
