<?xml version="1.0" encoding="UTF-8"?>
<!DOCTYPE html PUBLIC "-//W3C//DTD XHTML 1.0 Transitional//EN"
    "http://www.w3.org/TR/xhtml1/DTD/xhtml1-transitional.dtd">
<html xmlns="http://www.w3.org/1999/xhtml" xml:lang="en" lang="en">
 <head>
  <title>
</title>
<meta http-equiv="Content-Type" content="text/html;charset=utf-8" />
  <meta name='ocr-system' content='tesseract 3.04.00' />
  <meta name='ocr-capabilities' content='ocr_page ocr_carea ocr_par ocr_line ocrx_word'/>
</head>
<body>
  <div class='ocr_page' id='page_1' title='image "./annalen01tacigoog_0066.png"; bbox 0 0 2498 4010; ppageno 0'>
   <div class='ocr_carea' id='block_1_1' title="bbox 302 317 1021 374">
    <p class='ocr_par' dir='ltr' id='par_1_1' title="bbox 302 317 1021 374">
     <span class='ocr_line' id='line_1_1' title="bbox 302 317 1021 374; baseline -0.001 -12"><span class='ocrx_word' id='word_1_1' title='bbox 302 323 339 362; x_wconf 75' lang='lat' dir='ltr'><strong>AB</strong></span> <span class='ocrx_word' id='word_1_2' title='bbox 353 323 479 362; x_wconf 79' lang='lat' dir='ltr'>EXCESSU</span> <span class='ocrx_word' id='word_1_3' title='bbox 493 324 558 362; x_wconf 85' lang='lat' dir='ltr'>DIVI</span> <span class='ocrx_word' id='word_1_4' title='bbox 570 323 698 363; x_wconf 79' lang='lat' dir='ltr'>AUGUSTI</span> <span class='ocrx_word' id='word_1_5' title='bbox 710 324 722 362; x_wconf 88' lang='lat'>1</span> <span class='ocrx_word' id='word_1_6' title='bbox 736 323 820 363; x_wconf 71' lang='lat' dir='ltr'><strong>la-rl.</strong></span> <span class='ocrx_word' id='word_1_7' title='bbox 984 317 1021 374; x_wconf 84' lang='grc'><strong>53</strong></span> 
     </span>
    </p>
   </div>
   <div class='ocr_carea' id='block_1_2' title="bbox 110 483 1063 3594">
    <p class='ocr_par' dir='ltr' id='par_1_2' title="bbox 110 483 1063 3594">
     <span class='ocr_line' id='line_1_2' title="bbox 111 483 1020 570; baseline -0.001 -20"><span class='ocrx_word' id='word_1_8' title='bbox 111 485 268 550; x_wconf 90' lang='lat' dir='ltr'><strong>violatum</strong></span> <span class='ocrx_word' id='word_1_9' title='bbox 291 484 431 569; x_wconf 87' lang='lat' dir='ltr'><strong>periurio</strong></span> <span class='ocrx_word' id='word_1_10' title='bbox 456 506 576 550; x_wconf 90' lang='lat' dir='ltr'><strong>numen</strong></span> <span class='ocrx_word' id='word_1_11' title='bbox 591 483 741 570; x_wconf 84' lang='lat' dir='ltr'><strong>Augusti.</strong></span> <span class='ocrx_word' id='word_1_12' title='bbox 786 506 867 570; x_wconf 89' lang='lat' dir='ltr'><strong>quae</strong></span> <span class='ocrx_word' id='word_1_13' title='bbox 891 485 946 550; x_wconf 92' lang='lat' dir='ltr'><strong>ubi</strong></span> <span class='ocrx_word' id='word_1_14' title='bbox 968 484 1020 549; x_wconf 85' lang='lat' dir='ltr'><strong>Ti-</strong></span> 
     </span>
     <span class='ocr_line' id='line_1_3' title="bbox 111 588 1021 674; baseline -0.002 -18"><span class='ocrx_word' id='word_1_15' title='bbox 111 591 202 656; x_wconf 89' lang='lat' dir='ltr'><strong>berio</strong></span> <span class='ocrx_word' id='word_1_16' title='bbox 218 596 364 671; x_wconf 90' lang='lat' dir='ltr'><strong>notuere,</strong></span> <span class='ocrx_word' id='word_1_17' title='bbox 386 589 511 674; x_wconf 78' lang='lat' dir='ltr'>scripsit</span> <span class='ocrx_word' id='word_1_18' title='bbox 528 589 710 652; x_wconf 89' lang='lat' dir='ltr'><strong>consulibus</strong></span> <span class='ocrx_word' id='word_1_19' title='bbox 726 610 791 653; x_wconf 91' lang='lat' dir='ltr'><strong>non</strong></span> <span class='ocrx_word' id='word_1_20' title='bbox 803 588 889 657; x_wconf 82' lang='lat' dir='ltr'><strong>,ideo</strong></span> <span class='ocrx_word' id='word_1_21' title='bbox 909 588 1021 654; x_wconf 92' lang='lat' dir='ltr'><strong>decre·</strong></span> 
     </span>
     <span class='ocr_line' id='line_1_4' title="bbox 111 694 1022 779; baseline -0.003 -20"><span class='ocrx_word' id='word_1_22' title='bbox 111 702 180 759; x_wconf 91' lang='lat' dir='ltr'><strong>tum</strong></span> <span class='ocrx_word' id='word_1_23' title='bbox 205 694 288 779; x_wconf 92' lang='lat' dir='ltr'><strong>patri</strong></span> <span class='ocrx_word' id='word_1_24' title='bbox 311 715 369 758; x_wconf 88' lang='lat' dir='ltr'><strong>suc</strong></span> <span class='ocrx_word' id='word_1_25' title='bbox 391 695 525 774; x_wconf 90' lang='lat' dir='ltr'><strong>caelum,</strong></span> <span class='ocrx_word' id='word_1_26' title='bbox 551 695 637 758; x_wconf 92' lang='lat' dir='ltr'><strong>utin</strong></span> <span class='ocrx_word' id='word_1_27' title='bbox 656 695 834 779; x_wconf 89' lang='lat' dir='ltr'><strong>perniciem</strong></span> <span class='ocrx_word' id='word_1_28' title='bbox 856 695 972 759; x_wconf 86' lang='lat' dir='ltr'><strong>civium</strong></span> <span class='ocrx_word' id='word_1_29' title='bbox 995 695 1022 758; x_wconf 89' lang='lat' dir='ltr'><strong>is</strong></span> 
     </span>
     <span class='ocr_line' id='line_1_5' title="bbox 112 785 1023 863; baseline -0.001 0"><span class='ocrx_word' id='word_1_30' title='bbox 112 799 216 863; x_wconf 92' lang='lat' dir='ltr'><strong>honor</strong></span> <span class='ocrx_word' id='word_1_31' title='bbox 227 805 416 863; x_wconf 86' lang='lat' dir='ltr'><strong>verteretur.</strong></span> <span class='ocrx_word' id='word_1_32' title='bbox 439 785 585 861; x_wconf 75' lang='lat' dir='ltr'><strong>Cassium</strong></span> <span class='ocrx_word' id='word_1_33' title='bbox 596 798 785 862; x_wconf 71' lang='lat' dir='ltr'><strong>histrionem</strong></span> <span class='ocrx_word' id='word_1_34' title='bbox 798 798 927 862; x_wconf 86' lang='lat' dir='ltr'><strong>solitum</strong></span> <span class='ocrx_word' id='word_1_35' title='bbox 940 799 1023 862; x_wconf 90' lang='lat' dir='ltr'><strong>inter</strong></span> 
     </span>
     <span class='ocr_line' id='line_1_6' title="bbox 112 902 1058 986; baseline -0.001 -20"><span class='ocrx_word' id='word_1_36' title='bbox 112 903 194 966; x_wconf 90' lang='lat' dir='ltr'><strong>alios</strong></span> <span class='ocrx_word' id='word_1_37' title='bbox 210 902 355 967; x_wconf 88' lang='lat' dir='ltr'><strong>eiusdem</strong></span> <span class='ocrx_word' id='word_1_38' title='bbox 371 902 447 964; x_wconf 89' lang='lat' dir='ltr'><strong>artis</strong></span> <span class='ocrx_word' id='word_1_39' title='bbox 463 902 619 966; x_wconf 87' lang='lat' dir='ltr'><strong>interesse</strong></span> <span class='ocrx_word' id='word_1_40' title='bbox 635 902 729 983; x_wconf 90' lang='lat' dir='ltr'><strong>ludis,</strong></span> <span class='ocrx_word' id='word_1_41' title='bbox 753 923 833 986; x_wconf 87' lang='lat' dir='ltr'><strong>quos</strong></span> <span class='ocrx_word' id='word_1_42' title='bbox 848 908 951 965; x_wconf 91' lang='lat' dir='ltr'><strong>mater</strong></span> <span class='ocrx_word' id='word_1_43' title='bbox 966 920 1058 966; x_wconf 78' lang='lat' dir='ltr'><strong>sua1⁵</strong></span> 
     </span>
     <span class='ocr_line' id='line_1_7' title="bbox 111 1005 1022 1090; baseline 0 -21"><span class='ocrx_word' id='word_1_44' title='bbox 111 1007 146 1070; x_wconf 93' lang='lat' dir='ltr'><strong>in</strong></span> <span class='ocrx_word' id='word_1_45' title='bbox 168 1007 356 1071; x_wconf 78' lang='lat' dir='ltr'><strong>memoriam</strong></span> <span class='ocrx_word' id='word_1_46' title='bbox 368 1005 510 1090; x_wconf 79' lang='lat' dir='ltr'>Augusti</span> <span class='ocrx_word' id='word_1_47' title='bbox 533 1011 707 1087; x_wconf 82' lang='lat' dir='ltr'><strong>sacrasset3</strong></span> <span class='ocrx_word' id='word_1_48' title='bbox 731 1026 792 1069; x_wconf 92' lang='lat' dir='ltr'><strong>nec</strong></span> <span class='ocrx_word' id='word_1_49' title='bbox 815 1011 926 1069; x_wconf 92' lang='lat' dir='ltr'><strong>contra</strong></span> <span class='ocrx_word' id='word_1_50' title='bbox 948 1007 1022 1070; x_wconf 92' lang='lat' dir='ltr'><strong>reli·</strong></span> 
     </span>
     <span class='ocr_line' id='line_1_8' title="bbox 111 1109 1023 1202; baseline -0.001 -27"><span class='ocrx_word' id='word_1_51' title='bbox 111 1112 227 1196; x_wconf 83' lang='lat' dir='ltr'><strong>gisnes</strong></span> <span class='ocrx_word' id='word_1_52' title='bbox 248 1111 327 1194; x_wconf 90' lang='lat' dir='ltr'><strong>fieri,</strong></span> <span class='ocrx_word' id='word_1_53' title='bbox 351 1109 438 1196; x_wconf 90' lang='lat' dir='ltr'><strong>quod</strong></span> <span class='ocrx_word' id='word_1_54' title='bbox 462 1109 585 1202; x_wconf 85' lang='lat' dir='ltr'><strong>effigies</strong></span> <span class='ocrx_word' id='word_1_55' title='bbox 609 1109 694 1190; x_wconf 90' lang='lat' dir='ltr'><strong>eius,</strong></span> <span class='ocrx_word' id='word_1_56' title='bbox 716 1110 834 1173; x_wconf 92' lang='lat' dir='ltr'><strong>utalia</strong></span> <span class='ocrx_word' id='word_1_57' title='bbox 857 1110 1023 1175; x_wconf 92' lang='lat' dir='ltr'><strong>numinum</strong></span> 
     </span>
     <span class='ocr_line' id='line_1_9' title="bbox 111 1214 1023 1296; baseline -0.001 -15"><span class='ocrx_word' id='word_1_58' title='bbox 111 1216 292 1296; x_wconf 89' lang='lat' dir='ltr'><strong>simulacra,</strong></span> <span class='ocrx_word' id='word_1_59' title='bbox 315 1215 554 1279; x_wconf 74' lang='lat' dir='ltr'><strong>venditionibus</strong></span> <span class='ocrx_word' id='word_1_60' title='bbox 570 1214 738 1279; x_wconf 90' lang='lat' dir='ltr'><strong>hortorum</strong></span> <span class='ocrx_word' id='word_1_61' title='bbox 754 1220 786 1280; x_wconf 90' lang='lat' dir='ltr'><strong>et</strong></span> <span class='ocrx_word' id='word_1_62' title='bbox 803 1214 955 1279; x_wconf 90' lang='lat' dir='ltr'><strong>domuum</strong></span> <span class='ocrx_word' id='word_1_63' title='bbox 972 1237 1023 1280; x_wconf 90' lang='lat' dir='ltr'><strong>ao·</strong></span> 
     </span>
     <span class='ocr_line' id='line_1_10' title="bbox 113 1318 1023 1404; baseline -0.001 -20"><span class='ocrx_word' id='word_1_64' title='bbox 113 1320 240 1385; x_wconf 92' lang='lat' dir='ltr'><strong>cedant.</strong></span> <span class='ocrx_word' id='word_1_65' title='bbox 273 1319 323 1382; x_wconf 88' lang='lat' dir='ltr'><strong>ius</strong></span> <span class='ocrx_word' id='word_1_66' title='bbox 339 1319 509 1383; x_wconf 90' lang='lat' dir='ltr'><strong>iurandum</strong></span> <span class='ocrx_word' id='word_1_67' title='bbox 525 1318 660 1404; x_wconf 84' lang='lat' dir='ltr'><strong>perinde</strong></span> <span class='ocrx_word' id='word_1_68' title='bbox 677 1319 912 1384; x_wconf 90' lang='lat' dir='ltr'><strong>aestimandum</strong></span> <span class='ocrx_word' id='word_1_69' title='bbox 929 1340 1023 1403; x_wconf 87' lang='lat' dir='ltr'><strong>quam</strong></span> 
     </span>
     <span class='ocr_line' id='line_1_11' title="bbox 111 1422 1059 1490; baseline 0.001 -2"><span class='ocrx_word' id='word_1_70' title='bbox 111 1426 140 1488; x_wconf 88' lang='lat' dir='ltr'><strong>si</strong></span> <span class='ocrx_word' id='word_1_71' title='bbox 163 1425 277 1490; x_wconf 78' lang='lat' dir='ltr'><strong>Iovem</strong></span> <span class='ocrx_word' id='word_1_72' title='bbox 300 1422 466 1487; x_wconf 85' lang='lat' dir='ltr'><strong>fefelliset:</strong></span> <span class='ocrx_word' id='word_1_73' title='bbox 491 1423 626 1486; x_wconf 91' lang='lat' dir='ltr'><strong>deorum</strong></span> <span class='ocrx_word' id='word_1_74' title='bbox 649 1423 781 1486; x_wconf 85' lang='lat' dir='ltr'><strong>iniurias</strong></span> <span class='ocrx_word' id='word_1_75' title='bbox 805 1423 854 1486; x_wconf 89' lang='lat' dir='ltr'><strong>dis</strong></span> <span class='ocrx_word' id='word_1_76' title='bbox 878 1445 983 1488; x_wconf 89' lang='lat' dir='ltr'><strong>curae.</strong></span> <span class='ocrx_word' id='word_1_77' title='bbox 1033 1450 1059 1489; x_wconf 81' lang='lat' dir='ltr'><strong>oo</strong></span> 
     </span>
     <span class='ocr_line' id='line_1_12' title="bbox 180 1526 1023 1613; baseline -0.001 -21"><span class='ocrx_word' id='word_1_78' title='bbox 180 1530 230 1592; x_wconf 78' lang='lat'><strong>74.</strong></span> <span class='ocrx_word' id='word_1_79' title='bbox 261 1527 293 1592; x_wconf 86' lang='lat' dir='ltr'>N</span> <span class='ocrx_word' id='word_1_80' title='bbox 295 1549 332 1592; x_wconf 91' lang='lat' dir='ltr'><strong>eo</strong></span> <span class='ocrx_word' id='word_1_81' title='bbox 346 1528 447 1591; x_wconf 93' lang='lat' dir='ltr'><strong>multo</strong></span> <span class='ocrx_word' id='word_1_82' title='bbox 464 1533 538 1613; x_wconf 88' lang='lat' dir='ltr'><strong>post</strong></span> <span class='ocrx_word' id='word_1_83' title='bbox 555 1526 709 1591; x_wconf 79' lang='lat' dir='ltr'><strong>Granium</strong></span> <span class='ocrx_word' id='word_1_84' title='bbox 726 1527 914 1592; x_wconf 89' lang='lat' dir='ltr'><strong>Marcellum</strong></span> <span class='ocrx_word' id='word_1_85' title='bbox 932 1549 1023 1613; x_wconf 92' lang='lat' dir='ltr'><strong>prae-</strong></span> 
     </span>
     <span class='ocr_line' id='line_1_13' title="bbox 110 1633 1024 1719; baseline -0.001 -21"><span class='ocrx_word' id='word_1_86' title='bbox 110 1641 219 1698; x_wconf 83' lang='lat' dir='ltr'><strong>torem</strong></span> <span class='ocrx_word' id='word_1_87' title='bbox 246 1633 419 1718; x_wconf 80' lang='lat' dir='ltr'><strong>Bithyniae</strong></span> <span class='ocrx_word' id='word_1_88' title='bbox 451 1638 603 1717; x_wconf 81' lang='lat' dir='ltr'><strong>quaestor</strong></span> <span class='ocrx_word' id='word_1_89' title='bbox 630 1633 731 1717; x_wconf 87' lang='lat' dir='ltr'><strong>ipsius</strong></span> <span class='ocrx_word' id='word_1_90' title='bbox 755 1633 876 1719; x_wconf 73' lang='lat' dir='ltr'><strong>Caepio</strong></span> <span class='ocrx_word' id='word_1_91' title='bbox 904 1633 1024 1717; x_wconf 78' lang='lat' dir='ltr'><strong>Crispi-</strong></span> 
     </span>
     <span class='ocr_line' id='line_1_14' title="bbox 110 1737 1023 1822; baseline -0.002 -20"><span class='ocrx_word' id='word_1_92' title='bbox 110 1759 173 1802; x_wconf 90' lang='lat' dir='ltr'><strong>nus</strong></span> <span class='ocrx_word' id='word_1_93' title='bbox 205 1738 381 1801; x_wconf 84' lang='lat' dir='ltr'><strong>maiestatis</strong></span> <span class='ocrx_word' id='word_1_94' title='bbox 415 1738 589 1822; x_wconf 85' lang='lat' dir='ltr'><strong>postulavit</strong></span> <span class='ocrx_word' id='word_1_95' title='bbox 622 1739 842 1804; x_wconf 81' lang='lat' dir='ltr'><strong>subscribente</strong></span> <span class='ocrx_word' id='word_1_96' title='bbox 875 1737 1023 1802; x_wconf 86' lang='lat' dir='ltr'><strong>Romano</strong></span> 
     </span>
     <span class='ocr_line' id='line_1_15' title="bbox 112 1841 1025 1927; baseline 0.002 -23"><span class='ocrx_word' id='word_1_97' title='bbox 112 1841 278 1925; x_wconf 86' lang='lat' dir='ltr'><strong>Hispone:</strong></span> <span class='ocrx_word' id='word_1_98' title='bbox 314 1841 369 1925; x_wconf 92' lang='lat' dir='ltr'><strong>qui</strong></span> <span class='ocrx_word' id='word_1_99' title='bbox 398 1841 534 1906; x_wconf 89' lang='lat' dir='ltr'><strong>formam</strong></span> <span class='ocrx_word' id='word_1_100' title='bbox 561 1842 647 1906; x_wconf 90' lang='lat' dir='ltr'><strong>vitae</strong></span> <span class='ocrx_word' id='word_1_101' title='bbox 676 1843 762 1925; x_wconf 90' lang='lat' dir='ltr'><strong>iniit,</strong></span> <span class='ocrx_word' id='word_1_102' title='bbox 793 1863 890 1927; x_wconf 90' lang='lat' dir='ltr'><strong>quam</strong></span> <span class='ocrx_word' id='word_1_103' title='bbox 912 1847 1025 1926; x_wconf 87' lang='lat' dir='ltr'><strong>postea</strong></span> 
     </span>
     <span class='ocr_line' id='line_1_16' title="bbox 112 1945 1047 2030; baseline -0.004 -19"><span class='ocrx_word' id='word_1_104' title='bbox 112 1945 276 2011; x_wconf 84' lang='lat' dir='ltr'><strong>celebrem</strong></span> <span class='ocrx_word' id='word_1_105' title='bbox 292 1946 439 2010; x_wconf 87' lang='lat' dir='ltr'><strong>miseriae</strong></span> <span class='ocrx_word' id='word_1_106' title='bbox 455 1951 637 2030; x_wconf 87' lang='lat' dir='ltr'><strong>temporum</strong></span> <span class='ocrx_word' id='word_1_107' title='bbox 655 1952 687 2010; x_wconf 93' lang='lat' dir='ltr'><strong>et</strong></span> <span class='ocrx_word' id='word_1_108' title='bbox 696 1946 849 2010; x_wconf 90' lang='lat' dir='ltr'><strong>audaciae</strong></span> <span class='ocrx_word' id='word_1_109' title='bbox 859 1947 1047 2010; x_wconf 80' lang='lat' dir='ltr'><strong>hominuma</strong></span> 
     </span>
     <span class='ocr_line' id='line_1_17' title="bbox 111 2049 1025 2136; baseline -0.001 -22"><span class='ocrx_word' id='word_1_110' title='bbox 111 2050 270 2115; x_wconf 83' lang='lat' dir='ltr'><strong>iecerunt.</strong></span> <span class='ocrx_word' id='word_1_111' title='bbox 314 2072 389 2114; x_wconf 92' lang='lat' dir='ltr'><strong>nam</strong></span> <span class='ocrx_word' id='word_1_112' title='bbox 420 2072 518 2136; x_wconf 87' lang='lat' dir='ltr'><strong>egens</strong></span> <span class='ocrx_word' id='word_1_113' title='bbox 549 2051 678 2136; x_wconf 86' lang='lat' dir='ltr'><strong>ignotus</strong></span> <span class='ocrx_word' id='word_1_114' title='bbox 701 2051 842 2135; x_wconf 89' lang='lat' dir='ltr'><strong>inquies,</strong></span> <span class='ocrx_word' id='word_1_115' title='bbox 871 2049 948 2114; x_wconf 92' lang='lat' dir='ltr'><strong>dum</strong></span> <span class='ocrx_word' id='word_1_116' title='bbox 972 2070 1025 2113; x_wconf 93' lang='lat' dir='ltr'><strong>oc-</strong></span> 
     </span>
     <span class='ocr_line' id='line_1_18' title="bbox 111 2154 1026 2241; baseline -0.002 -21"><span class='ocrx_word' id='word_1_117' title='bbox 111 2155 207 2220; x_wconf 87' lang='lat' dir='ltr'><strong>cultis</strong></span> <span class='ocrx_word' id='word_1_118' title='bbox 229 2156 346 2221; x_wconf 86' lang='lat' dir='ltr'><strong>libellis</strong></span> <span class='ocrx_word' id='word_1_119' title='bbox 368 2156 520 2220; x_wconf 84' lang='lat' dir='ltr'><strong>saevitiae</strong></span> <span class='ocrx_word' id='word_1_120' title='bbox 537 2156 690 2241; x_wconf 89' lang='lat' dir='ltr'><strong>principis</strong></span> <span class='ocrx_word' id='word_1_121' title='bbox 706 2155 843 2240; x_wconf 88' lang='lat' dir='ltr'><strong>adrepit,</strong></span> <span class='ocrx_word' id='word_1_122' title='bbox 865 2176 943 2218; x_wconf 88' lang='lat' dir='ltr'><strong>mox</strong></span> <span class='ocrx_word' id='word_1_123' title='bbox 963 2154 1026 2218; x_wconf 93' lang='lat' dir='ltr'><strong>cla-</strong></span> 
     </span>
     <span class='ocr_line' id='line_1_19' title="bbox 110 2259 1026 2345; baseline -0.002 -21"><span class='ocrx_word' id='word_1_124' title='bbox 110 2259 237 2324; x_wconf 87' lang='lat' dir='ltr'><strong>rissimo</strong></span> <span class='ocrx_word' id='word_1_125' title='bbox 255 2260 370 2344; x_wconf 89' lang='lat' dir='ltr'><strong>cuique</strong></span> <span class='ocrx_word' id='word_1_126' title='bbox 386 2260 563 2345; x_wconf 89' lang='lat' dir='ltr'><strong>periculum</strong></span> <span class='ocrx_word' id='word_1_127' title='bbox 584 2259 723 2342; x_wconf 80' lang='lat' dir='ltr'><strong>facessit,</strong></span> <span class='ocrx_word' id='word_1_128' title='bbox 746 2260 924 2345; x_wconf 89' lang='lat' dir='ltr'><strong>potentiam</strong></span> <span class='ocrx_word' id='word_1_129' title='bbox 940 2259 1026 2344; x_wconf 90' lang='lat' dir='ltr'><strong>apud</strong></span> 
     </span>
     <span class='ocr_line' id='line_1_20' title="bbox 112 2363 1026 2449; baseline -0.002 -21"><span class='ocrx_word' id='word_1_130' title='bbox 112 2385 228 2447; x_wconf 90' lang='lat' dir='ltr'><strong>unum,</strong></span> <span class='ocrx_word' id='word_1_131' title='bbox 259 2363 370 2427; x_wconf 93' lang='lat' dir='ltr'><strong>odium</strong></span> <span class='ocrx_word' id='word_1_132' title='bbox 399 2363 485 2449; x_wconf 89' lang='lat' dir='ltr'><strong>apud</strong></span> <span class='ocrx_word' id='word_1_133' title='bbox 510 2364 612 2428; x_wconf 88' lang='lat' dir='ltr'><strong>omnis</strong></span> <span class='ocrx_word' id='word_1_134' title='bbox 642 2363 779 2449; x_wconf 89' lang='lat' dir='ltr'><strong>adeptus</strong></span> <span class='ocrx_word' id='word_1_135' title='bbox 803 2363 893 2428; x_wconf 88' lang='lat' dir='ltr'><strong>dedit</strong></span> <span class='ocrx_word' id='word_1_136' title='bbox 915 2384 1026 2427; x_wconf 84' lang='lat' dir='ltr'><strong>exem·</strong></span> 
     </span>
     <span class='ocr_line' id='line_1_21' title="bbox 111 2467 1062 2553; baseline 0 -23"><span class='ocrx_word' id='word_1_137' title='bbox 111 2467 213 2552; x_wconf 90' lang='lat' dir='ltr'><strong>plum,</strong></span> <span class='ocrx_word' id='word_1_138' title='bbox 237 2467 324 2552; x_wconf 88' lang='lat' dir='ltr'><strong>quod</strong></span> <span class='ocrx_word' id='word_1_139' title='bbox 348 2468 450 2532; x_wconf 87' lang='lat' dir='ltr'><strong>secuti</strong></span> <span class='ocrx_word' id='word_1_140' title='bbox 466 2489 508 2532; x_wconf 84' lang='lat' dir='ltr'><strong>ex</strong></span> <span class='ocrx_word' id='word_1_141' title='bbox 530 2468 725 2553; x_wconf 87' lang='lat' dir='ltr'><strong>pauperibus</strong></span> <span class='ocrx_word' id='word_1_142' title='bbox 742 2467 868 2548; x_wconf 85' lang='lat' dir='ltr'><strong>divites,</strong></span> <span class='ocrx_word' id='word_1_143' title='bbox 893 2488 936 2530; x_wconf 82' lang='lat' dir='ltr'><strong>ex</strong></span> <span class='ocrx_word' id='word_1_144' title='bbox 951 2484 1062 2530; x_wconf 87' lang='lat' dir='ltr'><strong>con-1⁰</strong></span> 
     </span>
     <span class='ocr_line' id='line_1_22' title="bbox 113 2555 1028 2656; baseline -0.001 -21"><span class='ocrx_word' id='word_1_145' title='bbox 113 2555 246 2656; x_wconf 75' lang='lat' dir='ltr'><strong>tem&#39;ptis</strong></span> <span class='ocrx_word' id='word_1_146' title='bbox 274 2571 440 2636; x_wconf 89' lang='lat' dir='ltr'><strong>metuendi</strong></span> <span class='ocrx_word' id='word_1_147' title='bbox 468 2571 643 2656; x_wconf 90' lang='lat' dir='ltr'><strong>perniciem</strong></span> <span class='ocrx_word' id='word_1_148' title='bbox 668 2571 797 2635; x_wconf 85' lang='lat' dir='ltr'><strong>aliisae</strong></span> <span class='ocrx_word' id='word_1_149' title='bbox 829 2577 1028 2656; x_wconf 82' lang='lat' dir='ltr'><strong>postremum</strong></span> 
     </span>
     <span class='ocr_line' id='line_1_23' title="bbox 113 2674 1027 2740; baseline -0.003 0"><span class='ocrx_word' id='word_1_150' title='bbox 113 2675 174 2740; x_wconf 87' lang='lat' dir='ltr'><strong>sibi</strong></span> <span class='ocrx_word' id='word_1_151' title='bbox 197 2676 361 2740; x_wconf 84' lang='lat' dir='ltr'><strong>invenere.</strong></span> <span class='ocrx_word' id='word_1_152' title='bbox 392 2676 514 2740; x_wconf 88' lang='lat' dir='ltr'><strong>scilicet</strong></span> <span class='ocrx_word' id='word_1_153' title='bbox 528 2675 715 2740; x_wconf 88' lang='lat' dir='ltr'><strong>Marcellum</strong></span> <span class='ocrx_word' id='word_1_154' title='bbox 730 2675 936 2739; x_wconf 90' lang='lat' dir='ltr'><strong>insimulabat</strong></span> <span class='ocrx_word' id='word_1_155' title='bbox 952 2674 1027 2738; x_wconf 86' lang='lat' dir='ltr'><strong>sini-</strong></span> 
     </span>
     <span class='ocr_line' id='line_1_24' title="bbox 112 2778 1027 2864; baseline -0.002 -20"><span class='ocrx_word' id='word_1_156' title='bbox 112 2785 197 2844; x_wconf 86' lang='lat' dir='ltr'><strong>stros</strong></span> <span class='ocrx_word' id='word_1_157' title='bbox 222 2779 263 2842; x_wconf 88' lang='lat' dir='ltr'><strong>de</strong></span> <span class='ocrx_word' id='word_1_158' title='bbox 286 2779 415 2844; x_wconf 81' lang='lat' dir='ltr'><strong>Tiberio</strong></span> <span class='ocrx_word' id='word_1_159' title='bbox 447 2801 613 2845; x_wconf 87' lang='lat' dir='ltr'><strong>sermones</strong></span> <span class='ocrx_word' id='word_1_160' title='bbox 641 2780 809 2864; x_wconf 87' lang='lat' dir='ltr'><strong>habuisse,</strong></span> <span class='ocrx_word' id='word_1_161' title='bbox 843 2778 1027 2843; x_wconf 84' lang='lat' dir='ltr'><strong>inevitabile</strong></span> 
     </span>
     <span class='ocr_line' id='line_1_25' title="bbox 113 2882 1027 2968; baseline -0.002 -20"><span class='ocrx_word' id='word_1_162' title='bbox 113 2885 246 2966; x_wconf 90' lang='lat' dir='ltr'><strong>crimen,</strong></span> <span class='ocrx_word' id='word_1_163' title='bbox 269 2905 342 2948; x_wconf 90' lang='lat' dir='ltr'><strong>cum</strong></span> <span class='ocrx_word' id='word_1_164' title='bbox 359 2906 402 2949; x_wconf 84' lang='lat' dir='ltr'><strong>ex</strong></span> <span class='ocrx_word' id='word_1_165' title='bbox 416 2885 560 2948; x_wconf 85' lang='lat' dir='ltr'><strong>moribus</strong></span> <span class='ocrx_word' id='word_1_166' title='bbox 580 2883 767 2950; x_wconf 86' lang='lat' dir='ltr'><strong>foedissima</strong></span> <span class='ocrx_word' id='word_1_167' title='bbox 783 2905 930 2968; x_wconf 91' lang='lat' dir='ltr'><strong>quaeque</strong></span> <span class='ocrx_word' id='word_1_168' title='bbox 948 2882 1027 2947; x_wconf 92' lang='lat' dir='ltr'><strong>deli-</strong></span> 
     </span>
     <span class='ocr_line' id='line_1_26' title="bbox 112 2987 1063 3075; baseline -0.008 -20"><span class='ocrx_word' id='word_1_169' title='bbox 112 2995 207 3075; x_wconf 86' lang='lat' dir='ltr'><strong>geret</strong></span> <span class='ocrx_word' id='word_1_170' title='bbox 222 2994 389 3053; x_wconf 88' lang='lat' dir='ltr'><strong>accusator</strong></span> <span class='ocrx_word' id='word_1_171' title='bbox 405 2989 645 3073; x_wconf 90' lang='lat' dir='ltr'><strong>obiectaretque</strong></span> <span class='ocrx_word' id='word_1_172' title='bbox 660 3009 727 3053; x_wconf 87' lang='lat' dir='ltr'><strong>rec.</strong></span> <span class='ocrx_word' id='word_1_173' title='bbox 762 3009 837 3052; x_wconf 91' lang='lat' dir='ltr'><strong>nam</strong></span> <span class='ocrx_word' id='word_1_174' title='bbox 851 2987 926 3071; x_wconf 91' lang='lat' dir='ltr'><strong>quia</strong></span> <span class='ocrx_word' id='word_1_175' title='bbox 941 3008 1028 3068; x_wconf 89' lang='lat' dir='ltr'><strong>vera,</strong></span> <span class='ocrx_word' id='word_1_176' title='bbox 1038 3008 1063 3047; x_wconf 80' lang='lat'><strong>15</strong></span> 
     </span>
     <span class='ocr_line' id='line_1_27' title="bbox 112 3091 1028 3176; baseline -0.005 -18"><span class='ocrx_word' id='word_1_177' title='bbox 112 3094 213 3158; x_wconf 91' lang='lat' dir='ltr'><strong>etiam</strong></span> <span class='ocrx_word' id='word_1_178' title='bbox 239 3091 323 3156; x_wconf 85' lang='lat' dir='ltr'><strong>dicta</strong></span> <span class='ocrx_word' id='word_1_179' title='bbox 346 3091 568 3158; x_wconf 86' lang='lat' dir='ltr'><strong>credebantur.</strong></span> <span class='ocrx_word' id='word_1_180' title='bbox 614 3091 740 3156; x_wconf 90' lang='lat' dir='ltr'><strong>addidit</strong></span> <span class='ocrx_word' id='word_1_181' title='bbox 762 3092 866 3176; x_wconf 90' lang='lat' dir='ltr'><strong>Hispo</strong></span> <span class='ocrx_word' id='word_1_182' title='bbox 891 3096 1028 3155; x_wconf 87' lang='lat' dir='ltr'><strong>statuam</strong></span> 
     </span>
     <span class='ocr_line' id='line_1_28' title="bbox 112 3195 1029 3280; baseline -0.004 -20"><span class='ocrx_word' id='word_1_183' title='bbox 112 3197 261 3262; x_wconf 89' lang='lat' dir='ltr'><strong>Marcelli</strong></span> <span class='ocrx_word' id='word_1_184' title='bbox 284 3196 379 3260; x_wconf 89' lang='lat' dir='ltr'><strong>altius</strong></span> <span class='ocrx_word' id='word_1_185' title='bbox 403 3217 498 3280; x_wconf 90' lang='lat' dir='ltr'><strong>quam</strong></span> <span class='ocrx_word' id='word_1_186' title='bbox 524 3197 697 3261; x_wconf 79' lang='lat' dir='ltr'><strong>Caesarum</strong></span> <span class='ocrx_word' id='word_1_187' title='bbox 720 3197 814 3260; x_wconf 90' lang='lat' dir='ltr'><strong>sitam</strong></span> <span class='ocrx_word' id='word_1_188' title='bbox 843 3201 876 3260; x_wconf 89' lang='lat' dir='ltr'><strong>et</strong></span> <span class='ocrx_word' id='word_1_189' title='bbox 905 3195 968 3258; x_wconf 93' lang='lat' dir='ltr'><strong>alia</strong></span> <span class='ocrx_word' id='word_1_190' title='bbox 995 3195 1029 3257; x_wconf 92' lang='lat' dir='ltr'><strong>in</strong></span> 
     </span>
     <span class='ocr_line' id='line_1_29' title="bbox 113 3297 1030 3386; baseline -0.004 -22"><span class='ocrx_word' id='word_1_191' title='bbox 113 3305 218 3365; x_wconf 85' lang='lat' dir='ltr'><strong>statua</strong></span> <span class='ocrx_word' id='word_1_192' title='bbox 248 3305 413 3385; x_wconf 88' lang='lat' dir='ltr'><strong>amputato</strong></span> <span class='ocrx_word' id='word_1_193' title='bbox 444 3301 549 3386; x_wconf 89' lang='lat' dir='ltr'><strong>capite</strong></span> <span class='ocrx_word' id='word_1_194' title='bbox 573 3299 713 3385; x_wconf 85' lang='lat' dir='ltr'><strong>Augusti</strong></span> <span class='ocrx_word' id='word_1_195' title='bbox 745 3299 886 3384; x_wconf 89' lang='lat' dir='ltr'><strong>effigiem</strong></span> <span class='ocrx_word' id='word_1_196' title='bbox 908 3297 1030 3361; x_wconf 86' lang='lat' dir='ltr'><strong>Tiberii</strong></span> 
     </span>
     <span class='ocr_line' id='line_1_30' title="bbox 114 3402 1028 3488; baseline -0.004 -19"><span class='ocrx_word' id='word_1_197' title='bbox 114 3405 260 3469; x_wconf 88' lang='lat' dir='ltr'><strong>inditam.</strong></span> <span class='ocrx_word' id='word_1_198' title='bbox 305 3405 347 3468; x_wconf 93' lang='lat' dir='ltr'><strong>ad</strong></span> <span class='ocrx_word' id='word_1_199' title='bbox 363 3403 450 3488; x_wconf 93' lang='lat' dir='ltr'><strong>quod</strong></span> <span class='ocrx_word' id='word_1_200' title='bbox 469 3406 590 3469; x_wconf 84' lang='lat' dir='ltr'><strong>exarsit</strong></span> <span class='ocrx_word' id='word_1_201' title='bbox 612 3404 706 3487; x_wconf 92' lang='lat' dir='ltr'><strong>adeo,</strong></span> <span class='ocrx_word' id='word_1_202' title='bbox 729 3410 765 3468; x_wconf 91' lang='lat' dir='ltr'><strong>ut</strong></span> <span class='ocrx_word' id='word_1_203' title='bbox 779 3408 875 3488; x_wconf 90' lang='lat' dir='ltr'><strong>rupta</strong></span> <span class='ocrx_word' id='word_1_204' title='bbox 897 3402 1028 3466; x_wconf 88' lang='lat' dir='ltr'><strong>tacitur-</strong></span> 
     </span>
     <span class='ocr_line' id='line_1_31' title="bbox 114 3508 1063 3594; baseline 0.001 -22"><span class='ocrx_word' id='word_1_205' title='bbox 114 3512 213 3575; x_wconf 90' lang='lat' dir='ltr'><strong>nitate</strong></span> <span class='ocrx_word' id='word_1_206' title='bbox 230 3508 444 3594; x_wconf 90' lang='lat' dir='ltr'><strong>proclamaret</strong></span> <span class='ocrx_word' id='word_1_207' title='bbox 460 3530 495 3572; x_wconf 90' lang='lat' dir='ltr'><strong>se</strong></span> <span class='ocrx_word' id='word_1_208' title='bbox 511 3530 639 3594; x_wconf 90' lang='lat' dir='ltr'><strong>quoque</strong></span> <span class='ocrx_word' id='word_1_209' title='bbox 663 3508 698 3571; x_wconf 94' lang='lat' dir='ltr'><strong>in</strong></span> <span class='ocrx_word' id='word_1_210' title='bbox 717 3529 756 3572; x_wconf 91' lang='lat' dir='ltr'><strong>ea</strong></span> <span class='ocrx_word' id='word_1_211' title='bbox 772 3528 867 3572; x_wconf 90' lang='lat' dir='ltr'><strong>causa</strong></span> <span class='ocrx_word' id='word_1_212' title='bbox 889 3508 1027 3571; x_wconf 90' lang='lat' dir='ltr'><strong>laturum</strong></span> <span class='ocrx_word' id='word_1_213' title='bbox 1038 3534 1063 3573; x_wconf 83' lang='lat' dir='ltr'><strong>ao</strong></span> 
     </span>
    </p>
   </div>
   <div class='ocr_carea' id='block_1_3' title="bbox 0 0 1257 4010">
    <p class='ocr_par' dir='ltr' id='par_1_3' title="bbox 0 0 1257 4010">
     <span class='ocr_line' id='line_1_32' title="bbox 0 0 1257 4010; baseline 0 0"><span class='ocrx_word' id='word_1_214' title='bbox 0 0 1257 4010; x_wconf 95' lang='lat' dir='ltr'><strong> </strong></span> 
     </span>
    </p>
   </div>
  </div>
 </body>
</html>
