2498 4010
439 1039 770 1126 PRAEFATIO.

219 1392 315 1496 (lum
329 1431 476 1514 proximo
494 1437 640 1514 tempore
657 1431 757 1494 altero
770 1430 935 1494 volumine
952 1450 1062 1494 earum

107 1539 111 1550 '
156 1535 425 1616 dissertationum,
442 1557 519 1620 quas
535 1535 665 1598 nomine
683 1534 934 1618 ,Philolcgische
949 1533 1061 1598 streis-

155 1635 248 1723 ziige‘
265 1639 505 1722 comprehendi,
521 1640 645 1724 priores
659 1659 717 1702 sex
728 1660 808 1723 quos
820 1659 904 1702 nunc
916 1637 1063 1702 recensui

157 1743 299 1808 Cornelii
315 1743 419 1807 Taciti
441 1741 723 1808 Annxonssu
744 1741 844 1806 DIVI
866 1739 1063 1806 AUGUSTI

155 1849 256 1912 libros
279 1849 440 1933 copiosius
454 1849 623 1936 ,illustrare
645 1849 801 1912 inanimo
824 1848 875 1927 sit,
897 1847 1065 1930 praefandi

157 1950 297 2016 officium
319 1953 430 2037 paucis
453 1953 622 2016 absolvere
645 1952 725 2016 mihi
747 1952 853 2017 liceat.

220 2055 316 2120 Ratio
339 2057 434 2121 huius
450 2057 552 2121 libelli
566 2057 681 2121 eadem
698 2061 746 2120 est
763 2062 858 2140 atque
882 2061 1063 2120 ceterorum

156 2161 372 2226 bibliothecae
395 2143 638 2242 Herdcrianae',
668 2156 737 2223 nisi
752 2159 840 2244 quod
866 2165 903 2223 ut
924 2159 1063 2224 vocabu-

155 2267 261 2330 lorum
283 2266 423 2330 indicem
444 2287 509 2328 non
530 2265 729 2330 ediceremus
752 2265 837 2327 inter
855 2262 1064 2348 bibliopolam

157 2377 191 2435 et
213 2391 264 2434 me
287 2370 446 2434 convenit.
486 2368 581 2442 Quod
605 2368 646 2432 ad
666 2368 823 2452 principia
841 2369 918 2430 artis
934 2367 1064 2430 criticae

156 2474 289 2557 adtinet,
313 2494 448 2557 quorum
469 2473 504 2536 in
523 2495 636 2538 manus
659 2473 739 2537 haec
755 2473 853 2536 editio
869 2473 1064 2555 pervenerit,

156 2577 220 2642 hoc
249 2579 387 2642 monitos
414 2578 522 2642 velim.
568 2577 698 2642 Codicis
719 2577 874 2658 Medicei,
906 2597 968 2662 quo
999 2599 1063 2642 uno

157 2683 239 2746 haec
261 2703 335 2767 pars
359 2684 465 2768 operis
487 2683 611 2746 Tacitei
634 2679 760 2746 serrata
782 2688 847 2761 est,
870 2686 907 2744 ut
928 2682 1065 2766 vestigia

157 2788 203 2851 ita
231 2788 412 2872 premerem
442 2785 715 2871 quemadmodum
743 2784 810 2848 fere
838 2785 892 2868 qui
915 2791 988 2848 ante
1011 2805 1063 2849 me

158 2890 329 2956 ediderunt
351 2914 370 2955 a
385 2912 436 2955 me
455 2891 627 2975 impetrare
643 2911 708 2955 non
723 2890 823 2974 potui.
856 2890 960 2964 Quem
977 2889 1064 2977 codi-

158 3017 229 3060 cem
258 3003 294 3060 ut
324 2996 526 3079 lacunosum,
556 2996 601 3060 ita
625 2995 721 3059 etiarn
743 2993 971 3078 interpolatum
996 3014 1066 3058 esse

156 3102 241 3165 inter
265 3121 376 3165 omnes
400 3105 533 3183 constat,
558 3099 617 3164 etsi
640 3099 776 3162 aliorum
799 3099 862 3162 alia
885 3103 935 3162 est
956 3099 1064 3182 opinio

158 3205 200 3270 de
224 3204 516 3269 additamentorum
538 3225 682 3268 numero.
716 3201 758 3266 nt
781 3210 830 3267 est
849 3223 926 3266 sane
941 3222 992 3266 res
1009 3202 1065 3265 ad-

156 3308 291 3373 modum
327 3307 480 3373 difficilis:
519 3309 637 3394 quippo
672 3330 760 3388 cum,
797 3313 834 3372 ut
867 3307 950 3385 dixi,
985 3306 1065 3370 alius

156 3419 287 3500 praesto
309 3434 375 3477 non
398 3413 438 3476 sit
455 3412 547 3492 liber,
571 3433 708 3496 quocum
727 3409 863 3475 conferri
878 3411 980 3495 possit
995 3410 1065 3474 Me-

157 3519 279 3599 diceus,
301 3517 430 3582 unicum
453 3522 553 3580 restat
575 3515 615 3580 ad
639 3514 726 3600 quod
744 3516 777 3579 in
800 3513 1067 3579 crisifactilanda
