2482 4014
183 312 239 368 246
393 357 394 360 ,
506 313 645 354 ooauann
659 311 757 352 rsorrr

249 471 294 536 At
316 471 477 535 Tiridates
507 470 691 543 volentibus
712 469 840 533 Parthis
862 469 1096 553 Nicephorium

186 585 218 644 et
241 575 500 641 Anthemusiada
529 580 715 658 ceterasque
738 573 850 655 urbes,
882 594 964 657 quae
987 573 1099 638 Mace-

187 683 324 748 donibus
348 683 428 746 sitae
449 683 573 747 Graeca
591 679 749 744 vocabula
771 683 936 761 usurpant,
957 677 1098 742 Halum-

150 809 249 871 15que
273 792 305 852 et
326 784 521 850 Artemitam
544 784 694 849 Parthica
717 781 839 866 oppida
860 781 996 864 recepit,
1027 802 1115 866 cerffi

186 891 327 955 tontibus
340 890 457 974 gaudio
474 890 528 972 qui
537 888 735 953 Artabanum
748 885 883 969 Scythas
898 885 982 949 inter
997 884 1098 954 educ-

186 1001 255 1058 tum
287 994 328 1058 ob
360 993 525 1057 saevitiam
555 991 713 1058 exsecrati
743 1009 836 1054 come
868 989 1019 1054 Tiridatis
1048 990 1100 1053 in-

189 1098 320 1184 genium
339 1097 502 1160 Romanas
525 1117 584 1180 per
606 1101 691 1160 artes
714 1095 895 1178 sperabant.

255 1204 307 1264 42.
330 1201 508 1265 Plurimum
520 1199 714 1265 adulationis
724 1198 936 1263 Seleucenses
951 1198 1099 1280 induere,

190 1307 301 1370 civitas
323 1310 457 1389 potens,
486 1311 598 1388 saepta
619 1304 716 1367 muris
739 1324 844 1387 neque
868 1304 903 1366 in
923 1302 1099 1368 barbarum

190 1397 341 1494 corrupta
359 1409 417 1474 sed
436 1409 612 1473 conditoris
631 1408 758 1472 Seleuci
777 1407 929 1472 retinens.
960 1409 1099 1474 trecenti

71 1501 73 1506 ⁵
190 1515 302 1601 opibus
325 1521 380 1578 aut
403 1513 560 1598 sapientia
583 1512 700 1576 delecti
722 1516 758 1575 ut
780 1515 926 1593 senatus,
956 1532 1014 1575 sua
1035 1532 1096 1596 po-

167 1621 265 1704 spulo
288 1618 347 1682 vis.
382 1623 415 1682 et
434 1617 582 1703 quotiens
605 1615 784 1680 concordes
800 1620 910 1700 agunt,
934 1617 1099 1700 spernitur

188 1724 342 1787 Parthus:
366 1722 421 1786 ubi
445 1720 635 1803 dissensere,
660 1721 736 1785 dum
757 1721 818 1786 sibi
832 1720 966 1805 quisque
986 1727 1100 1786 contra

189 1828 333 1892 aemulos
355 1825 534 1891 subsidium
556 1833 683 1907 vocant,
705 1827 826 1890 accitus
848 1827 881 1890 in
897 1831 1022 1912 partem
1038 1825 1097 1890 ad-

189 1953 319 1996 versum
342 1951 452 1994 omnes
474 1929 617 1993 valescit.
649 1930 683 1992 id
704 1951 808 2014 nuper
826 1930 986 1994 acciderat
1000 1928 1099 1993 Arta·

188 2038 272 2102 bano
300 2041 472 2118 regnante,
506 2033 560 2117 qui
588 2033 719 2117 plebem
747 2034 942 2118 primoribus
964 2033 1100 2098 tradidit

154 2169 180 2208 10
191 2163 232 2206 ex
255 2162 312 2204 suo
335 2161 411 2204 usu:
442 2160 517 2203 nam
545 2139 659 2222 populi
681 2139 853 2223 imperium
881 2136 971 2202 iuxta
998 2137 1098 2203 liber-

188 2251 305 2326 tatem,
335 2264 512 2328 paucorum
540 2241 715 2306 dominatio
739 2243 849 2326 regiae
872 2241 998 2306 libidini
1020 2262 1098 2326 pro·

188 2349 261 2432 pior
290 2352 349 2412 est.
394 2352 463 2410 tum
491 2345 720 2410 adventantem
742 2344 908 2409 Tiridaten
938 2347 1100 2411 extollunt

188 2456 335 2515 veterum
361 2470 475 2534 regum
503 2451 680 2516 honoribus
711 2456 744 2515 et
767 2472 848 2534 quos
870 2471 984 2515 recens
1008 2458 1098 2515 aetas

188 2553 308 2636 largius
347 2554 486 2634 invenir3
529 2553 624 2618 simul
664 2553 782 2637 probra
826 2554 860 2618 in
896 2553 1098 2620 Artabanum

154 2656 379 2735 refundebant,
411 2663 555 2722 materna
587 2657 711 2741 origine
748 2655 948 2740 Arsaciden,
989 2663 1099 2723 cetera

191 2761 396 2845 degenerem.
440 2759 599 2826 Tiridates
628 2781 697 2825 rem
721 2760 950 2826 Seleucensem
974 2763 1098 2846 populo

189 2864 354 2950 permittit.
388 2885 467 2928 mox
489 2865 672 2929 consultans
696 2884 835 2950 quonam
858 2866 909 2930 die
928 2867 1100 2932 sollemnia

189 2967 282 3051 regni
304 2973 505 3052 capesseret,
536 2969 660 3034 litteras
690 2970 840 3034 Phraatis
872 2977 904 3036 et
932 2970 1099 3054 Hieronis,

191 3072 245 3156 qui
267 3070 480 3136 validissimas
502 3072 719 3155 praefecturas
745 3074 949 3159 optinebant,
981 3076 1100 3162 accipit

158 3177 324 3245 acbrevem
348 3197 472 3238 moram
499 3177 709 3260 precantium.
754 3179 971 3265 placitumque
996 3201 1099 3266 oppe-

190 3281 246 3344 riri
276 3282 363 3345 viros
389 3281 618 3366 praepollentis
641 3289 737 3366 atque
767 3283 895 3348 interim
920 3284 1100 3370 Ctesiphon

78 3439 82 3450 .
171 3384 288 3481 ,sedes
322 3385 449 3469 imperii
481 3386 600 3472 petita:
640 3386 714 3469 sed,
750 3386 806 3451 ubi
843 3387 931 3454 diem
967 3409 1011 3453 ex
1044 3389 1098 3454 die

192 3487 412 3570 prolatabant,
464 3491 572 3555 multis
619 3512 727 3555 coram
770 3497 802 3556 et
844 3491 1100 3576 adprobantibus
