2482 4014
296 335 334 376 su
348 333 473 376 excussu
486 333 551 373 u1v1
565 332 692 373 sucusm
705 333 737 371 vr
749 331 832 372 rs-ra
962 327 1018 384 229

109 497 198 579 grius
224 493 444 558 distrahebant
461 491 619 574 multique
634 489 770 553 fortunis
785 489 1020 573 provolveban-

108 605 182 680 tur3
213 599 337 664 eversio
368 597 415 662 rei
445 596 608 660 familiaris
633 594 822 678 dignitatem
845 615 882 657 ac
904 593 1020 658 famam

106 723 263 789 praeceps
280 703 386 784 dabat,
407 701 512 766 donec
525 701 599 764 tulit
616 720 712 785 opem
729 699 848 764 Caesar
864 699 1020 784 disposito
1032 725 1057 762 15

108 828 168 892 per
190 824 317 871 mensas
346 806 474 870 miliens
498 804 654 868 sestertio
683 803 831 888 factaque
854 803 1022 868 mutuandi

108 911 203 996 copia
234 911 302 974 sine
333 911 437 974 usuris
466 930 525 993 per
553 908 742 990 triennium,
775 909 801 972 si
825 909 1023 994 debitorrei

107 1015 256 1099 publicae
279 1014 312 1078 in
336 1013 469 1099 duplum
491 1012 632 1099 praediis
649 1014 796 1078 cavisset.
835 1015 880 1079 sic
902 1015 1036 1079 reiectat

106 1118 187 1184 fides
204 1126 237 1183 et
252 1119 406 1204 paulatim
420 1119 536 1204 privati
553 1141 681 1204 quoque
698 1120 875 1185 creditores
890 1121 1022 1205 reperti.

107 1243 214 1306 neque
232 1221 350 1307 emptio
367 1243 518 1306 agrorum
534 1224 679 1288 exercita
694 1225 734 1288 ad
746 1224 882 1289 formam
894 1232 1022 1289 senatus
1032 1241 1058 1279 20

109 1327 257 1409 consulti,
281 1326 416 1409 acribus,
439 1334 475 1392 ut
498 1327 600 1392 ferme
621 1329 707 1410 talia,
731 1330 840 1410 initiis,
862 1330 1021 1394 incurioso

110 1433 185 1496 fine.

176 1536 227 1599 18.
250 1535 336 1600 Dein
348 1535 486 1599 redeunt
496 1536 623 1620 priores
634 1543 739 1602 metus
749 1541 911 1623 postulato
923 1541 1022 1604 maie-

111 1639 202 1704 statis
227 1638 381 1703 Considio
405 1639 563 1723 Proculo,
594 1642 647 1725 qui
677 1643 765 1707 nullo
792 1664 914 1727 pavore
938 1644 1024 1708 diem

110 1744 250 1808 natalem
284 1743 448 1807 celebrans
482 1749 592 1829 raptus
624 1745 657 1808 in
691 1747 809 1811 curiam
842 1748 1024 1832 pariterque

113 1848 281 1911 damnatus
304 1847 571 1932 interfectusque:
597 1851 698 1914 sorori
715 1851 848 1916 Sanciae
872 1874 954 1938 aqua
977 1858 1024 1916 at-

113 1973 175 2037 que
207 1953 274 2036 igni
310 1951 518 2017 interdictum
555 1961 726 2019 accusante
760 1955 798 2030 Q.
830 1957 1047 2041 Pomponios

112 2058 139 2120 is
168 2057 312 2122 moribus
341 2057 466 2142 inquies
496 2057 577 2122 haec
607 2066 638 2123 et
667 2060 801 2124 huiusce
830 2060 919 2126 modi
950 2083 1026 2125 ase
1068 2101 1072 2112 ·

112 2163 252 2229 factitari
275 2162 523 2247 praetendebat,
553 2168 589 2226 ut
618 2170 710 2247 parta
739 2163 824 2248 apud
847 2165 1026 2250 principem

113 2268 217 2354 gratia
227 2266 705 2353 periculisPomponiiSecundi
715 2270 820 2333 fratris
831 2271 1026 2334 mederetur.

114 2374 212 2437 etiam
240 2373 273 2436 in
295 2372 485 2456 Pompeiam
511 2373 687 2438 Macrinam
712 2374 844 2439 exilium
868 2374 1027 2457 statuitur,

115 2479 205 2543 cuius
232 2480 383 2542 maritum
405 2478 613 2562 Argolicum,
645 2499 792 2543 socerum
814 2463 983 2543 Laconem'
1009 2497 1063 2542 e10

113 2582 308 2667 primoribus
330 2581 536 2647 Achaeorum
561 2583 681 2648 Caesar
710 2581 891 2647 adflixerat.
936 2587 1029 2667 pater

115 2706 243 2770 quoque
268 2685 410 2750 inlustris
432 2706 530 2768 eques
550 2686 716 2751 Romanus
732 2708 769 2751 ac
784 2687 883 2750 frater
898 2691 1027 2771 praeto-

114 2792 197 2872 rius,
229 2811 301 2853 cum
325 2789 487 2853 damnatio
511 2791 661 2872 instaret,
685 2813 719 2854 se
743 2791 803 2875 ipsi
827 2789 1027 2854 interfecere.

116 2896 226 2960 datum
251 2901 320 2959 erat
343 2895 465 2960 urimini
488 2895 575 2980 quod
591 2895 812 2980 Theophanen
835 2893 1027 2979 Mytilenae-

115 3022 170 3064 um
200 3021 356 3084 proavum
387 3020 500 3064 eorum
530 2999 589 3064 On.
618 3001 756 3085 Magnus
785 3000 870 3063 inter
899 2999 1064 3062 intimosm

116 3103 283 3167 habuisset
316 3103 467 3188 quodque
504 3102 654 3167 defuncto
694 3105 851 3169 caelestes
886 3104 1028 3167 honores

118 3206 245 3270 Graeca
268 3206 410 3271 adulatio
433 3207 599 3272 tribuerat.
1013 3211 1015 3216 '

187 3313 236 3374 19.
267 3311 346 3375 Post
370 3331 449 3394 quos
466 3311 541 3376 Sex.
558 3312 678 3376 Marius
694 3311 923 3395 Hispaniarum
941 3310 1030 3374 ditis·

118 3417 219 3480 simus
242 3414 384 3480 defertur
408 3421 440 3480 et
468 3437 546 3479 saxo
571 3415 709 3500 Tarpeio
734 3414 880 3479 deicitur.
927 3436 964 3479 ao
987 3437 1028 3480 nc

120 3520 253 3584 dubium
281 3520 453 3586 haberetur
482 3518 736 3603 magnitudinem
764 3520 920 3604 pecuniae
945 3521 1028 3586 malo
