2498 4010
298 297 334 336 AB
348 295 474 336 EXCESSU
487 296 552 336 DIVI
565 295 693 336 AUGUSTI
705 295 716 333 I
730 295 814 334 36-39.
975 287 1012 344 29

102 459 227 522 violari.
274 459 368 523 simul
398 458 559 522 exterritis
582 458 635 540 qui
662 453 858 521 'obstiterant
885 460 1011 539 raptum
1023 485 1047 523 10

103 561 260 626 vexillum
275 561 343 625 ¹ad
359 562 463 644 ripam
485 561 582 626 vertit
608 568 657 642 et,
682 559 930 644 siquis'agrninc
956 558 1012 621 de·

102 667 261 747 cessisset,
284 685 343 749 pro
366 664 531 730 desertore
552 667 625 731 ¹fore
642 666 809 730 clamitans
828 663 957 728 reduxit
979 665 1013 728 in

102 769 239 834 hiberna
261 768 408 832 turbidos
424 770 480 833 'set
500 768 583 832 nihil
606 771 715 833 ausos.¹
769 789 771 794 ·

169 874 221 936 39.
254 871 383 938 Interea
410 874 510 957 legati
533 874 576 938 ab
602 880 716 938 senatu
743 893 926 957 regressum
950 873 1014 936 iam

102 975 191 1062 apud
214 997 301 1040 aram
320 975 482 1042 >Ubiorum
504 977 738 1042 Germanicum·
755 978 904 1042 adeunt..
931 976 1013 1042 duae
1080 1037 1084 1046 .

102 1081 147 1146 ibi
171 1080 329 1164 legiones,
344 1080 456 1164 :prima
479 1085 574 1165 atque
598 1081 782 1164 vicensima,
805 1081 1012 1166 veteranique

101 1205 208 1268 nuper
223 1184 324 1248 missi
344 1181 402 1247 sub
422 1184 545 1248 vexillo
575 1184 771 1248 hiemabant.
806 1183 958 1267 pavidos
982 1189 1014 1248 et

104 1287 300 1353 conscientia
311 1286 488 1352 vaecordes
503 1289 601 1352 intrat
616 1296 730 1371 metus,
745 1288 871 1353 venisse
887 1293 1036 1372 patrumc

103 1393 193 1457 iussu
216 1391 270 1475 qui
292 1391 388 1455 inrita
405 1392 548 1455 facerent
567 1393 651 1476 quae
669 1413 731 1477 per.
747 1391 942 1456 seditionem
958 1413 1013 1455 ex·
1062 1375 1063 1380 ἵ

102 1500 298 1581 presserant.
335 1500 434 1578 utque
458 1515 528 1558 mos
543 1495 641 1578 vulgo
658 1496 803 1578 quamvis
821 1497 908 1560 falsis
924 1517 1015 1560 reum

103 1600 260 1678 subdere,
279 1599 462 1663 Munatium
485 1600 640 1664 Plancum
665 1602 831 1665 consulatu
861 1599 1015 1681 functum,

103 1704 285 1789 principem
313 1703 497 1789 legationis,
531 1699 696 1768 auctorem
725 1703 1014 1768 senatusconsulti

102 1811 268 1888 incusant3
309 1813 341 1871 et
371 1813 466 1872 nocte
497 1808 653 1872 concubia
669 1843 670 1846 κ
685 1807 839 1872 vexillum
870 1807 1014 1891 flagitare
1025 1834 1049 1873 10

105 1911 269 1996 occipiunt
292 1931 513 1995 concursuque
529 1911 572 1974 ad
593 1912 720 1976 ianuam
736 1912 821 1976 facto
841 1913 1016 1975 moliuntur

104 2016 202 2094 tores,
227 2020 405 2078 extractum
430 2015 527 2079 cubili
547 2015 719 2080 Caesarem
742 2016 878 2106 tradere¹
892 2016 1015 2080 intento

105 2119 220 2182 mortis
239 2126 327 2183 metu
349 2118 511 2203 subigunt
549 2139 627 2182 mox
648 2120 724 2204 vagi
739 2142 797 2206 per
812 2121 880 2184 vias
904 2119 1017 2184 obvios

104 2222 249 2288 habuere
265 2223 405 2314 legatos
438 2223 547 2287 audita
579 2225 837 2289 consternatione
869 2223 910 2287 ad
935 2222 1016 2287 Ger-

104 2326 267 2392 manicum
289 2326 469 2390 tendentes.
514 2329 665 2411 ingerunt
689 2329 915 2409 contumelias,
945 2348 1053 2395 cae-15

103 2430 182 2494 dem
206 2434 328 2512 parant,
350 2428 472 2493 Planco
492 2431 644 2514 maxime,
667 2453 763 2515 quem
787 2432 924 2517 dignitas
941 2433 1019 2515 fuga

103 2532 338 2616 impediverat3
371 2554 476 2618 neque
500 2533 588 2597 aliud
616 2535 810 2619 periclitanti
840 2535 1018 2600 subsidium

104 2659 203 2721 quarn
226 2642 330 2701 castra
348 2636 469 2720 primae
492 2638 641 2723 legionis.
686 2639 752 2703 illic
774 2639 866 2723 signa
882 2645 914 2702 et
929 2639 1017 2722 aqui-

103 2744 172 2805 lam
183 2741 351 2826 amplexus
364 2741 522 2825 religione
539 2764 610 2807 sese
626 2743 806 2808 tutabatur:
824 2766 870 2827 ac,
886 2744 919 2807 ni
929 2742 1017 2827 aqui-

105 2847 180 2912 lifer
202 2845 392 2930 Calpurnius
415 2846 479 2909 vim
504 2852 684 2912 extremam
708 2849 871 2927 arcuisset,
892 2848 1054 2932 legatusao

105 2950 221 3037 populi
242 2949 382 3014 Romani
405 2949 561 3014 Romanis
584 2951 616 3013 in
641 2952 752 3015 castris
776 2953 930 3036 sanguine
961 2971 1018 3015 suo

106 3055 221 3120 altaria
238 3053 333 3117 deum
351 3054 658 3118 commaculavisset.
688 3056 762 3122 luce
778 3055 917 3138 demum,
932 3063 1019 3140 post-

107 3179 205 3244 quam
221 3157 288 3221 dux
305 3162 337 3220 et
356 3157 448 3221 miles
465 3163 497 3221 et
511 3157 595 3222 facta
611 3159 835 3242 noscebantur,
857 3161 1020 3245 ingressus

109 3269 212 3327 castra
225 3261 436 3328 Germanicus
452 3262 586 3346 perduci
605 3261 646 3327 ad
663 3284 697 3326 se
713 3263 868 3327 Plancum
883 3263 1020 3347 imperat

109 3368 295 3453 recepitque
326 3367 359 3430 in
387 3366 535 3432 tribunal.
588 3372 657 3429 tum
685 3367 816 3432 fatalem
853 3367 1020 3451 increpans
1030 3393 1058 3431 rs

111 3471 249 3554 rabiem,
281 3490 386 3554 neque
410 3470 548 3534 militum
571 3469 628 3533 sed
653 3459 757 3534 deum'
773 3471 820 3533 ira
841 3491 1021 3555 resurgere,
