2498 4010
245 301 282 356 24
581 305 719 346 coauauu
733 306 829 346 rncrrr

244 488 300 550 spe
332 465 402 530 fore
432 470 467 529 ut
491 463 701 529 Germanicus
725 464 844 530 Caesar
872 465 1045 550 imperium
1074 465 1154 530 alte·

244 571 309 635 rius
331 570 399 654 pati
429 569 578 653 nequiret
601 569 755 654 daretque
779 591 813 634 se
835 570 1019 655 legionibus
1042 571 1076 636 vi
1098 591 1155 634 sua

222 681 358 740 acuncta
381 674 539 738 tracturis.
592 673 655 738 duo
681 675 767 759 apud
795 676 899 760 ripam
921 673 1028 739 Rheni
1061 696 1154 740 exer·

243 783 324 845 citus
347 785 456 844 erant:
489 781 539 843 cui
569 800 689 844 nomen
718 779 892 864 superiori,
917 779 976 843 sub
1009 777 1046 843 0.
1076 779 1156 844 Silio

242 886 362 969 legato,
385 883 571 948 inferiorem
592 882 634 946 A.
659 881 799 948 Caecina
822 884 964 948 curabat.
1009 883 1156 968 regimen

242 1008 386 1053 summae
408 987 455 1052 rei
477 1008 578 1071 penes
603 987 848 1070 Germanicum,
880 987 1006 1071 agendo
1032 986 1156 1052 Gallia-

242 1115 311 1158 rum
351 1091 459 1157 censui
490 1098 558 1156 tum
595 1091 766 1156 intentum.
790 1103 796 1114 ’
820 1091 879 1156 sed
909 1093 1025 1177 quibus
1057 1092 1157 1157 Silius

208 1219 233 1256 ιο
242 1197 485 1280 moderabatur,
508 1201 617 1260 mente
640 1196 792 1279 ambigua
805 1195 967 1260 fortunam
985 1196 1158 1261 seditionis

243 1302 366 1367 alienae
389 1301 652 1386 speculabantur:
686 1299 846 1365 inferioris
870 1300 1032 1365 exercitus
1062 1300 1158 1364 miles
1235 1354 1236 1357 ,

242 1407 275 1469 in
297 1405 420 1470 rabiem
440 1403 608 1489 prolapsus
625 1408 683 1494 est,
707 1408 777 1468 orto
795 1404 834 1468 ab
850 1405 1159 1469 unetvioensimanis

242 1509 465 1595 quintanisque
496 1508 587 1573 initio
620 1513 652 1571 et
683 1509 792 1572 tractis
823 1509 927 1593 prima
957 1530 1086 1594 quoque
1120 1531 1158 1574 ac

241 1614 416 1679 vicensima
438 1613 637 1696 legionibus:
660 1634 735 1676 narn
757 1613 860 1677 isdem
884 1614 1014 1678 aestivis
1037 1615 1071 1678 in
1085 1615 1159 1678 fini·
1234 1629 1235 1632 ’

208 1743 233 1780 1⁵
241 1721 302 1785 bus
317 1719 477 1784 Ubiorum
498 1717 707 1783 habebantur.
752 1717 851 1800 igitur
872 1716 982 1781 audito
1005 1718 1069 1782 fine
1085 1718 1158 1783 Au-

244 1826 330 1910 gusti
358 1824 532 1889 vernacula
562 1821 734 1887 multitudo
768 1843 871 1906 nuper
904 1829 976 1886 aoto
1009 1821 1043 1886 in
1075 1823 1158 1888 urbe

244 1930 381 2012 dilectu,
412 1930 562 1994 lasciviae
585 1934 691 2008 sueta,
712 1927 860 1991 laborum
881 1927 1073 2009 intolerans,
1097 1928 1159 1992 im-

243 2035 331 2118 plere
368 2038 549 2097 ceterorum
578 2031 674 2095 rudes
704 2031 845 2095 animos:
877 2032 1005 2095 venisse
1026 2037 1160 2117 tempus
1234 2025 1235 2046 i

244 2157 307 2221 quo
322 2136 467 2202 veterani
482 2140 640 2199 maturam
656 2134 852 2216 missionem,
864 2135 998 2200 iuvenes
1012 2135 1160 2218 largiora

209 2269 234 2308 ro
243 2240 414 2326 stipendia,
437 2238 542 2305 cuncti
565 2240 698 2305 modurn
720 2239 1160 2326 miseriarum‘exposcerent

243 2345 473 2429 saevitiamque
489 2344 713 2408 centurionum
729 2345 968 2410 ulciscerentur.
992 2366 1059 2410 non
1071 2368 1159 2412 unus

242 2449 338 2531 haec,
369 2456 406 2513 ut
432 2446 635 2512 Pannonicas
664 2449 750 2512 inter
776 2448 924 2532 legiones
946 2449 1158 2534 Percennius,

222 2575 302 2624 ⁸neo
325 2552 412 2638 apud
434 2552 576 2637 trepidas
602 2551 739 2615 militum
762 2573 855 2616 aures
879 2551 959 2616 alios
980 2552 1158 2618 validiores

244 2659 405 2726 exercitus
427 2656 678 2742 respicientium,
701 2655 760 2720 sed
782 2656 884 2721 multa
907 2656 1075 2721 seditionis
1100 2679 1161 2723 ora

209 2770 420 2846 atrocesque:
457 2782 515 2825 sua
545 2760 578 2823 in
609 2781 706 2824 manu
738 2760 831 2823 sitam
861 2782 931 2825 rem
961 2761 1157 2840 Romanam,

243 2869 308 2932 suis
319 2865 462 2950 victoriis
476 2863 587 2948 augeri
602 2884 672 2927 rem
687 2863 858 2947 publicam,
874 2864 907 2928 in
923 2886 1016 2928 suum
1032 2885 1157 2948 cogno-

243 2977 388 3037 mentum
411 2967 545 3032 adscisci
567 2968 789 3052 imperatores.

308 3075 360 3138 32.
391 3073 462 3137 Neo
484 3073 611 3156 legatus
627 3073 756 3137 obviarn
771 3074 854 3138 ibat:
878 3074 997 3158 quippe
1015 3076 1157 3159 plurium

243 3179 415 3246 vaecordia
445 3177 656 3242 constantiam
688 3184 864 3243 exemerat.
903 3184 1043 3263 repente
1072 3179 1157 3263 lym-

243 3285 333 3369 phati
357 3280 516 3347 destrictis
545 3280 662 3364 gladiis
689 3281 723 3344 in
747 3281 951 3346 centuriones
981 3280 1155 3347 invadunt:

244 3410 283 3454 ea
304 3385 521 3453 vetustissima
543 3384 733 3449 militaribus
750 3385 831 3451 odiis
854 3385 1004 3450 materies
1028 3394 1060 3450 et
1083 3407 1155 3450 sae-

224 3492 353 3556 sviendi
386 3488 587 3574 principium.
639 3494 816 3574 prostratos
849 3489 1037 3555 verberibus
1070 3490 1154 3555 mul-
