2482 4014
262 296 300 336 AB
313 294 439 334 Excusso
453 293 518 334 DIVI
531 291 659 334 AUGUSTI
672 291 704 330 1v
719 291 803 331 6'1-69.
932 285 989 342 207

69 441 215 521 strudret
245 453 372 536 dolum,
407 452 507 518 ceteri
534 457 635 517 testes
667 451 838 532 adessent,
871 449 988 515 deinde

70 561 312 628 accusationem
345 560 534 645 inciperent.
585 557 686 642 igitur
713 556 851 623 Latiaris
881 559 987 624 iacere

70 665 225 732 fortuitos
253 665 392 749 primum
422 682 604 744 sermones,
636 683 715 726 mox
746 661 878 728 laudare
909 675 1022 726 con-1⁵

72 765 235 850 stantiam,
259 767 347 852 quod
369 788 435 832 non
456 766 600 832 florentis
647 766 761 831 domus
785 768 905 832 amicus
928 765 984 831 ad-

71 874 193 938 flictam
219 871 430 953 deseruisset3
462 870 556 934 simul
578 871 704 936 honora
726 870 767 935 de
792 870 985 936 Germanico
1076 881 1080 890 '

73 976 291 1062 Agrippinam
322 976 477 1040 miserans
509 975 697 1040 disserebat.
752 980 785 1040 et
815 982 986 1061 postquam

74 1082 223 1162 Sabinus,
246 1084 282 1144 ut
304 1087 377 1144 sunt
399 1079 514 1143 molles
535 1081 570 1144 in
600 1079 781 1144 calamitate
804 1079 987 1143 mortalium

75 1183 186 1266 animi,
211 1183 324 1248 effudit
345 1184 502 1265 lacrimas,
525 1183 629 1249 iunxit
652 1190 793 1268 questus,
817 1183 1021 1249 audentius2⁰

76 1290 141 1353 iam
166 1293 280 1352 onerat
302 1286 470 1369 Seianum,
500 1287 668 1354 saevitiam
697 1288 881 1374 superbiam
903 1309 988 1375 spes.

77 1413 118 1458 ne
142 1392 177 1457 in
199 1391 361 1456 Tiberium
391 1393 522 1476 quidem
550 1394 695 1460 convicio
718 1393 874 1478 abstinet3
902 1395 988 1480 iique

78 1515 262 1577 sermones,
293 1501 456 1579 tamquam
478 1495 579 1562 vetita
601 1495 820 1581 miscuissent,
848 1498 989 1583 speeiem

77 1607 167 1665 artae
184 1598 342 1664 amicitiae
358 1598 477 1663 fecere.
511 1620 548 1664 ac
563 1600 627 1665 iam
641 1602 727 1667 ultro
740 1601 876 1666 Sabinus
892 1611 989 1688 quae·

77 1724 151 1768 rere
173 1703 352 1785 Latiarem,
380 1704 540 1769 ventitare
570 1703 717 1788 domum,
748 1705 876 1772 dolores
900 1704 1024 1790 quasis

79 1807 122 1874 ad
144 1807 335 1874 fidissimum
359 1808 495 1875 deferre.
617 1797 619 1802 Α

147 1913 199 1976 69.
234 1912 424 1983 Consultant
447 1933 527 1997 quos
543 1913 720 1978 memorari
736 1934 875 1998 quonam
891 1913 989 1980 modo

81 2037 121 2080 ea
149 2015 290 2100 plurium
321 2015 432 2081 auditu
463 2017 694 2102 acciperentur.
745 2038 822 2082 nam
852 2019 925 2083 loco
957 2019 991 2084 in

80 2141 179 2206 quem
210 2119 354 2185 coibatur
389 2120 547 2185 servanda
580 2121 762 2186 solitudinis
793 2121 907 2204 facies,
948 2129 990 2206 et,

80 2225 203 2309 sipone
215 2224 301 2288 fores
313 2223 517 2308 adsisterent,
533 2230 639 2290 metus
648 2225 749 2291 visus:
766 2227 889 2292 sonitus
898 2246 991 2312 aper-

81 2333 135 2394 tae
165 2326 364 2412 suspicionis.
410 2333 532 2393 tectum
561 2330 645 2393 inter
677 2336 710 2394 et
737 2330 901 2415 laquearia
927 2336 1015 2396 tress

83 2441 265 2515 senatores,
296 2433 383 2498 haud
405 2433 510 2498 minus
532 2435 618 2518 turpi
639 2435 764 2500 latebra
786 2456 882 2520 quam
905 2435 994 2500 dete·

84 2535 200 2602 standa
228 2535 357 2615 fraude,
386 2557 457 2602 sese
487 2537 693 2618 abstrudunt,
723 2538 933 2604 foraminibus
964 2545 1017 2604 et·

83 2641 173 2706 rimis
189 2661 300 2706 aurem
317 2641 500 2707 admovent.
538 2641 663 2708 interea
676 2641 814 2708 Latiaris
832 2649 996 2728 repertum

84 2745 117 2810 in
141 2743 270 2830 publico
294 2744 463 2828 Sabinum,
486 2745 576 2809 velut
598 2766 711 2809 recens
735 2747 866 2830 cognita
887 2767 997 2812 narra·

85 2855 187 2930 turus,
211 2847 343 2914 domurn
367 2855 400 2914 et
422 2850 455 2914 in
478 2849 659 2916 cubiculum
674 2853 785 2934 trahit3
809 2851 1032 2937 praeterita-10

87 2974 150 3038 que
174 2958 209 3018 et
230 2953 390 3036 instantia,
413 2976 549 3038 quorum
570 2953 702 3019 adfatim
718 2956 821 3041 copia,
843 2976 881 3020 ac
896 2976 999 3021 novos

86 3063 230 3123 terrores
254 3059 403 3124 cumulat.
449 3060 564 3126 eadem
586 3061 641 3125 ille
666 3067 698 3127 et
722 3061 856 3145 diutius,
880 3071 998 3148 quanto
1077 3131 1079 3136 ,

87 3169 221 3245 maesta,
244 3164 300 3228 ubi
316 3166 416 3229 semel
432 3186 618 3250 prorupere,
642 3165 801 3231 difficilius
816 3167 999 3232 reticentur.
1090 3207 1092 3212 -

89 3271 265 3352 properata
287 3266 362 3332 inde
386 3268 549 3332 accusatio
572 3269 742 3352 missisque
767 3268 809 3334 ad
830 3268 1001 3336 Caesarem

89 3370 208 3436 litteris
243 3371 390 3437 ordinem
422 3371 543 3438 fraudis
577 3393 732 3458 suumque
764 3374 826 3458 ipsi
860 3373 1035 3440 dedecusrs

90 3495 275 3542 narravere.
311 3498 376 3541 non
393 3477 471 3541 alias
493 3478 596 3561 magis
618 3478 716 3543 anxia
734 3487 767 3547 et
781 3499 903 3596 parens
924 3479 1002 3546 ciri·

792 3575 824 3625 12
