2444 4010
241 307 297 363 154
569 310 820 350 consummem

239 477 350 536 vetera
373 470 442 534 sine
466 469 601 533 avaritia
624 475 680 532 aut
702 469 894 532 crudelitate
908 470 1149 551 magistratuum
1211 509 1212 533 i

204 595 230 634 2⁶
239 579 425 657 tolerarent,
440 574 650 660 providebat:
673 595 846 658 corporum
860 573 1009 654 verbera,
1026 572 1150 657 ademp

239 681 344 745 tiones
372 679 532 744 bonorum
561 678 704 742 aberant.
748 678 813 741 rari
838 697 898 760 per
919 677 1052 741 Italiam
1076 677 1149 742 Cae·
1211 715 1212 750 2

239 785 319 850 saris
341 784 420 867 agri,
443 783 591 848 modesta
614 782 753 864 servitia,
776 783 860 846 intra
882 803 1006 866 paucos
1024 783 1150 847 libertos
1211 783 1212 820 l

239 888 371 968 domus3
394 908 431 952 ac
455 887 612 971 siquando
635 908 706 950 cum
730 887 862 971 privatis
878 886 1088 971 disceptaret,
1110 887 1150 950 lo·

239 1014 311 1058 rum
334 992 449 1055 etius.
1211 982 1212 1059 l

306 1097 335 1158 7.
368 1094 459 1169 Quae
491 1100 606 1158 cuncta
636 1115 702 1158 non
734 1095 866 1179 quidem
897 1096 982 1158 comi
1015 1096 1069 1159 uia
1101 1095 1150 1159 sed

239 1198 389 1265 horridus
412 1220 450 1263 ac
473 1199 663 1281 plerumque
685 1197 894 1278 formidatus,
922 1199 1088 1262 retinebat
1109 1209 1150 1260 ta·
1211 1189 1212 1252 ἶ

239 1325 328 1384 men,
352 1302 456 1366 donec
478 1309 582 1365 morte
605 1301 705 1365 Drusi
727 1309 949 1366 verterentur:
979 1325 1057 1368 nam
1081 1302 1150 1366 dum
1211 1293 1212 1388 l

239 1407 408 1492 superfuit,
431 1426 587 1486 mansere,
606 1406 682 1489 quia
697 1405 833 1470 Seianus
848 1407 1026 1490 incipiente
1041 1415 1150 1490 poten·

217 1515 284 1578 etia
305 1512 399 1578 bonis
421 1510 561 1576 consiliis
583 1517 752 1574 notescere
773 1512 905 1594 volebat
928 1518 962 1574 et
983 1512 1074 1575 ultor
1088 1532 1150 1575 me·
1211 1551 1212 1600 ,

239 1618 406 1699 tuebatur,
434 1637 500 1680 non
526 1615 644 1681 occulti
665 1616 693 1679 is
717 1615 784 1678 odii
807 1621 857 1680 set
879 1615 991 1680 crebro
1016 1637 1151 1702 querens

240 1723 391 1788 incolumi
413 1720 479 1784 filio
502 1720 683 1787 adiutorem
705 1722 833 1806 imperii
851 1721 950 1784 alium
965 1723 1086 1786 vocari.
1122 1729 1152 1784 et

240 1835 394 1912 quantum
427 1847 596 1908 superesse
627 1832 664 1890 ut
695 1827 821 1910 collega
851 1826 1001 1890 dicatur?
1035 1827 1152 1910 primas

241 1931 426 1996 dominandi
442 1952 516 2015 spes
532 1931 565 1994 in
580 1930 695 1995 arduo:
716 1931 773 1996 ubi
789 1931 833 1994 sis
848 1932 1024 2013 ingressus,
1039 1929 1151 1993 adesse

205 2049 230 2090 1⁰
239 2036 345 2100 studia
374 2045 407 2100 et
429 2035 603 2098 ministros.
648 2041 813 2100 exstructa
833 2034 897 2098 iam
921 2039 1038 2118 sponte
1060 2053 1151 2119 prae·
1211 2097 1212 2156 p

238 2139 315 2206 fecti
338 2146 457 2221 castra,
487 2139 579 2203 datos
601 2139 635 2202 in
657 2160 787 2202 manum
809 2138 943 2218 milites;
974 2139 1064 2202 cerni
1087 2138 1151 2202 effi·
1211 2159 1212 2190 l

238 2245 326 2328 giem
348 2244 381 2308 in
403 2243 607 2308 monimentis
632 2241 690 2306 On.
713 2242 865 2326 Pompei;
896 2261 1087 2307 communes
1109 2243 1152 2304 illi

239 2369 311 2412 oum
334 2348 455 2413 familia
477 2347 659 2410 Drusorum
681 2347 751 2411 fore
774 2355 928 2431 nepotes:
959 2345 1151 2431 precandam

239 2451 415 2537 posthaec
438 2451 641 2532 modestiam,
663 2457 700 2513 ut
723 2457 893 2515 contentus
913 2457 1010 2514 essct.
1048 2472 1151 2535 neque
1211 2500 1212 2520 r

204 2577 309 2622 rararo
333 2577 439 2642 neque
462 2556 549 2641 apud
571 2575 693 2640 paucos
715 2555 794 2619 talia
813 2555 952 2618 iaciebat
974 2563 1009 2618 et
1030 2561 1151 2620 secreto

238 2683 367 2748 quoque
391 2669 541 2746 corrupta
563 2679 666 2724 uxore
690 2659 921 2744 prodebantur.
1211 2641 1212 2665 ¹

303 2768 333 2832 8.
365 2765 468 2852 Igitur
497 2765 632 2832 Seianus
663 2764 890 2828 maturandum
921 2769 1010 2826 ratus
1040 2763 1151 2848 deligit

238 2890 410 2952 venenum,
427 2891 490 2954 quo
506 2870 662 2955 paulatim
677 2869 845 2953 inrepente
858 2869 1010 2932 fortuitus
1021 2871 1149 2934 morbus
1211 2857 1212 2930 l

239 2975 496 3040 adsimularetur.
535 2973 574 3037 Id
588 2973 695 3038 Druso
712 2974 824 3038 datum
838 2995 897 3056 per
911 2972 1066 3056 Lygdum
1081 2993 1148 3058 spa·
1211 2933 1212 3028 l

240 3079 374 3161 donem,
405 3086 442 3144 ut
472 3084 544 3142 octo
569 3085 644 3163 post
665 3099 766 3143 annos
789 3077 963 3159 cognitum.
1009 3085 1149 3142 ceterum

218 3184 386 3250 sTiborius
408 3204 468 3269 per
491 3205 601 3248 omnes
624 3182 818 3247 valetudinis
842 3180 928 3263 dies,
950 3181 1040 3245 nullo
1064 3186 1148 3245 metu

239 3311 280 3354 an
308 3296 344 3355 ut
372 3286 602 3353 firmitudinem
630 3287 727 3351 animi
753 3291 945 3367 ostentaret,
975 3285 1075 3348 etiam
1096 3284 1148 3348 de·

238 3391 347 3456 functo
370 3391 509 3456 necdum
523 3391 650 3475 sepulto
667 3389 787 3454 curiam
801 3391 965 3473 ingressus
981 3395 1041 3452 est.
1076 3408 1146 3452 con-

240 3496 389 3578 sulesque
412 3495 490 3558 sede
513 3495 639 3577 vulgari
660 3515 718 3578 per
741 3494 881 3577 speciem
903 3492 1085 3556 maestitiae
1100 3511 1146 3554 se·
