2498 4010
313 278 350 317 su
364 277 490 316 nxcassu
503 276 569 315 nrm
582 276 710 316 nueusrr
723 277 734 314 1
748 276 832 317 49-51.
985 269 1020 324 37

110 437 221 501 stratis
253 435 350 499 etiam
378 441 446 498 tum
476 455 534 518 per
559 433 676 498 cubilia
706 443 902 520 propterque
933 457 1023 501 men-

112 562 181 623 sas,
213 540 302 604 nullo
332 544 436 618 metu,
468 559 533 600 non
556 537 745 622 antepositis
764 539 907 622 uigiliis:
940 539 1022 604 adeo

113 643 378 720 cunctaincuria
403 641 544 706 disiecta
565 663 669 726 neque
700 641 777 706 belli
806 644 901 707 timor
923 665 961 709 ac
982 666 1024 709 ne

112 771 180 834 pax
207 748 338 833 quidem
359 749 421 812 nisi
450 745 603 830 languida
626 752 659 811 et
684 748 790 811 soluta
817 747 902 811 inter
923 753 1060 812 tamn-ao

113 854 232 917 lentos.
281 867 283 872 ’

182 959 234 1020 51.
267 955 387 1020 ansar
405 953 516 1020 avidas
539 955 696 1040 legiones,
719 975 782 1038 quc
804 955 900 1020 latior
922 977 1024 1041 popu·

114 1061 194 1124 latio
214 1060 307 1143 foret,
331 1065 480 1144 quattuor
499 1059 533 1122 in
550 1079 669 1123 cuneos
686 1057 847 1142 dispertit3
872 1060 1026 1145 quinqua-

115 1165 207 1247 ginta
229 1164 350 1227 milium
373 1164 510 1248 spatium
531 1164 616 1228 ferro
639 1164 837 1249 flammisque
853 1172 1026 1248 pervastat.

114 1289 184 1332 non
206 1289 312 1351 sexus,
335 1289 401 1331 nou
424 1274 512 1332 aetas
534 1267 775 1332 miserationem
797 1269 919 1334 attulit:
951 1290 1026 1355 pro-

115 1373 192 1437 fana
215 1373 356 1436 simulet
379 1394 468 1437 sacra
483 1379 516 1437 et
533 1372 775 1437 celeberrimum
797 1373 861 1436 illis
877 1375 1050 1458 gentibuss

115 1478 273 1562 templum
289 1478 375 1562 quod
390 1477 563 1542 Tamfanae
579 1478 739 1542 vocabant
753 1478 822 1541 solo
839 1485 1027 1562 aequantur.

117 1582 189 1646 sine
221 1583 353 1646 vulnere
386 1582 522 1663 milites,
563 1581 616 1666 qui
647 1581 857 1646 semisomnos
888 1583 1028 1649 inermos

116 1693 175 1749 aut
197 1669 334 1768 palantis
355 1686 548 1751 ceciderant.
592 1684 711 1750 excivit
734 1705 773 1748 ea
796 1686 912 1751 caedes
927 1686 1028 1751 Bruc-

116 1796 228 1870 teros,
258 1788 430 1871 Tubantes,
462 1789 633 1874 Usipetes;
667 1789 829 1873 saltusque
861 1811 919 1874 per
948 1811 1029 1875 quos

119 1893 276 1958 exercitui
299 1914 466 1976 regressus
487 1894 646 1958 insedere.
693 1890 779 1977 quod
802 1913 936 1976 gnarum
956 1896 1065 1959 duoiro

117 1998 313 2082 incessitque
342 1998 449 2062 itineri
480 2004 513 2063 et
541 1997 676 2082 proelio.
721 2018 796 2081 pars
826 1998 968 2082 equitum
997 2006 1031 2064 et

118 2103 307 2167 auxiliariae
331 2101 481 2166 cohortes
505 2101 680 2182 ducebant,
705 2122 783 2165 mox
807 2102 910 2187 prima
931 2104 1031 2187 legio,

120 2211 156 2270 et
170 2205 285 2270 mediis
299 2205 536 2291 impedimentis
547 2205 708 2269 sinistrum
722 2205 807 2270 latus
818 2207 1031 2272 unetrioensi-

119 2311 217 2390 mani,
242 2309 391 2375 dextrum
406 2309 550 2394 quintani
574 2309 727 2389 clausere,
749 2309 923 2373 vicensima
944 2311 1030 2395 legio

120 2421 215 2498 terga
237 2413 384 2496 firmavit,
406 2420 481 2498 post
504 2413 603 2478 ceteri
626 2413 796 2478 sociorum.
830 2414 889 2480 sed
910 2416 1031 2500 hostes,
1041 2440 1067 2478 15

121 2521 230 2586 donec
243 2539 360 2602 agmen
375 2539 433 2603 per
449 2518 548 2581 saltus
564 2517 792 2602 porrigeretur,
808 2519 940 2602 immoti,
958 2519 1032 2585 dein

120 2628 225 2690 latera
256 2629 290 2688 et
321 2623 460 2687 frontem
491 2621 617 2686 modice
649 2620 867 2706 adsultantes,
901 2629 969 2688 tota
1000 2627 1033 2690 vi

120 2730 315 2796 novissimos
330 2729 502 2793 incurrere.
535 2725 809 2811 turbabanturque
827 2728 933 2794 densis
952 2729 1032 2794 Ger-

102 2845 291 2897 'manorum
323 2831 458 2896 catervis
491 2829 580 2896 leves
613 2831 778 2911 cohortes,
812 2853 884 2896 cum
915 2833 1034 2900 Caesar

122 2938 279 3002 advectus
302 2935 342 3000 ad
365 2937 599 3000 vicensimanos
621 2955 701 2999 voce
725 2956 841 3019 magna
863 2937 926 3002 hoc
954 2940 1035 3005 illud

120 3051 252 3127 tempus
282 3040 515 3105 oblitterandae
539 3039 705 3104 seditionis
730 3038 927 3105 clamitabat:
960 3065 1034 3128 per-

123 3157 258 3237 gerent,
295 3154 507 3234 properarent
539 3149 664 3232 culpam
701 3148 734 3212 in
765 3147 863 3213 decus
897 3161 1034 3220 vertere.

124 3276 276 3320 exarsere
306 3253 419 3318 animis
447 3274 576 3338 unoque
606 3253 728 3336 impetu
757 3259 945 3338 perruptum
976 3256 1034 3320 hc-

126 3368 208 3426 stem
229 3357 381 3442 redigunt
404 3358 437 3421 in
455 3363 567 3441 aperta
582 3356 801 3440 caeduntque:
827 3357 919 3420 simul
942 3360 1036 3443 primi

125 3464 261 3550 agminis
280 3463 390 3548 copiae
407 3482 539 3527 evasere
563 3461 659 3526 silvas
679 3466 844 3544 castraque
863 3467 1035 3530 communi·
1045 3486 1072 3524 25

140 3569 146 3581 '
178 3579 298 3619 comanus
312 3578 413 3617 ructus.
440 3576 456 3615 r
863 3568 879 3617 3
