<?xml version="1.0" encoding="UTF-8"?>
<!DOCTYPE html PUBLIC "-//W3C//DTD XHTML 1.0 Transitional//EN"
    "http://www.w3.org/TR/xhtml1/DTD/xhtml1-transitional.dtd">
<html xmlns="http://www.w3.org/1999/xhtml" xml:lang="en" lang="en">
 <head>
  <title>
</title>
<meta http-equiv="Content-Type" content="text/html;charset=utf-8" />
  <meta name='ocr-system' content='tesseract 3.04.00' />
  <meta name='ocr-capabilities' content='ocr_page ocr_carea ocr_par ocr_line ocrx_word'/>
</head>
<body>
  <div class='ocr_page' id='page_1' title='image "./annalen01tacigoog_0255.png"; bbox 0 0 2482 4014; ppageno 0'>
   <div class='ocr_carea' id='block_1_1' title="bbox 173 299 748 356">
    <p class='ocr_par' dir='ltr' id='par_1_1' title="bbox 173 299 748 356">
     <span class='ocr_line' id='line_1_1' title="bbox 173 299 748 356; baseline 0.003 -12"><span class='ocrx_word' id='word_1_1' title='bbox 173 299 229 356; x_wconf 84' lang='lat'><strong>242</strong></span> <span class='ocrx_word' id='word_1_2' title='bbox 499 304 748 346; x_wconf 77' lang='lat' dir='ltr'><strong>ooaunnnrsorrr</strong></span> 
     </span>
    </p>
   </div>
   <div class='ocr_carea' id='block_1_2' title="bbox 108 462 1089 3545">
    <p class='ocr_par' dir='ltr' id='par_1_2' title="bbox 138 462 1089 1177">
     <span class='ocr_line' id='line_1_2' title="bbox 175 462 1087 550; baseline 0.004 -24"><span class='ocrx_word' id='word_1_3' title='bbox 175 462 313 550; x_wconf 89' lang='lat' dir='ltr'><strong>desque,</strong></span> <span class='ocrx_word' id='word_1_4' title='bbox 349 462 425 527; x_wconf 94' lang='lat' dir='ltr'><strong>dum</strong></span> <span class='ocrx_word' id='word_1_5' title='bbox 458 464 596 528; x_wconf 80' lang='lat' dir='ltr'>strenuis</span> <span class='ocrx_word' id='word_1_6' title='bbox 627 464 743 529; x_wconf 80' lang='lat' dir='ltr'><strong>adsunt</strong></span> <span class='ocrx_word' id='word_1_7' title='bbox 775 469 830 528; x_wconf 90' lang='lat' dir='ltr'><strong>aut</strong></span> <span class='ocrx_word' id='word_1_8' title='bbox 862 464 1087 530; x_wconf 77' lang='lat' dir='ltr'><strong>dubitantibus</strong></span> 
     </span>
     <span class='ocr_line' id='line_1_3' title="bbox 139 567 1087 654; baseline 0.005 -24"><span class='ocrx_word' id='word_1_9' title='bbox 139 591 164 630; x_wconf 69' lang='grc' dir='ltr'><strong>ιε</strong></span> <span class='ocrx_word' id='word_1_10' title='bbox 174 567 376 649; x_wconf 86' lang='lat' dir='ltr'><strong>subveniunt,</strong></span> <span class='ocrx_word' id='word_1_11' title='bbox 400 569 566 651; x_wconf 83' lang='lat' dir='ltr'><strong>conspicui</strong></span> <span class='ocrx_word' id='word_1_12' title='bbox 590 589 694 654; x_wconf 91' lang='lat' dir='ltr'><strong>eoque</strong></span> <span class='ocrx_word' id='word_1_13' title='bbox 717 569 819 653; x_wconf 83' lang='lat' dir='ltr'><strong>gnari,</strong></span> <span class='ocrx_word' id='word_1_14' title='bbox 846 570 986 635; x_wconf 91' lang='lat' dir='ltr'><strong>clamore</strong></span> <span class='ocrx_word' id='word_1_15' title='bbox 1009 571 1087 635; x_wconf 89' lang='lat' dir='ltr'><strong>telis</strong></span> 
     </span>
     <span class='ocr_line' id='line_1_4' title="bbox 174 672 1087 757; baseline 0.005 -22"><span class='ocrx_word' id='word_1_16' title='bbox 174 672 265 756; x_wconf 89' lang='lat' dir='ltr'><strong>equis</strong></span> <span class='ocrx_word' id='word_1_17' title='bbox 295 681 505 756; x_wconf 90' lang='lat' dir='ltr'><strong>concurrunt,</strong></span> <span class='ocrx_word' id='word_1_18' title='bbox 534 673 705 739; x_wconf 90' lang='lat' dir='ltr'><strong>instantius</strong></span> <span class='ocrx_word' id='word_1_19' title='bbox 727 674 975 757; x_wconf 85' lang='lat' dir='ltr'><strong>Pharasmanes3</strong></span> <span class='ocrx_word' id='word_1_20' title='bbox 1007 697 1087 740; x_wconf 90' lang='lat' dir='ltr'><strong>nam</strong></span> 
     </span>
     <span class='ocr_line' id='line_1_5' title="bbox 173 777 1089 864; baseline 0.003 -23"><span class='ocrx_word' id='word_1_21' title='bbox 173 777 289 841; x_wconf 89' lang='lat' dir='ltr'><strong>vulnus</strong></span> <span class='ocrx_word' id='word_1_22' title='bbox 318 798 377 864; x_wconf 93' lang='lat' dir='ltr'><strong>per</strong></span> <span class='ocrx_word' id='word_1_23' title='bbox 408 778 537 862; x_wconf 88' lang='lat' dir='ltr'><strong>galeam</strong></span> <span class='ocrx_word' id='word_1_24' title='bbox 568 777 689 862; x_wconf 87' lang='lat' dir='ltr'><strong>adegit.</strong></span> <span class='ocrx_word' id='word_1_25' title='bbox 741 799 803 844; x_wconf 91' lang='lat' dir='ltr'><strong>nec</strong></span> <span class='ocrx_word' id='word_1_26' title='bbox 834 780 952 844; x_wconf 88' lang='lat' dir='ltr'><strong>iterare</strong></span> <span class='ocrx_word' id='word_1_27' title='bbox 982 780 1089 844; x_wconf 82' lang='lat' dir='ltr'><strong>valuit</strong></span> 
     </span>
     <span class='ocr_line' id='line_1_6' title="bbox 173 881 1086 969; baseline 0.002 -23"><span class='ocrx_word' id='word_1_28' title='bbox 173 881 335 965; x_wconf 90' lang='lat' dir='ltr'><strong>praelatus</strong></span> <span class='ocrx_word' id='word_1_29' title='bbox 369 903 452 966; x_wconf 89' lang='lat' dir='ltr'><strong>equo</strong></span> <span class='ocrx_word' id='word_1_30' title='bbox 489 888 522 947; x_wconf 91' lang='lat' dir='ltr'><strong>et</strong></span> <span class='ocrx_word' id='word_1_31' title='bbox 552 881 734 947; x_wconf 80' lang='lat' dir='ltr'><strong>fortissimis</strong></span> <span class='ocrx_word' id='word_1_32' title='bbox 766 883 941 948; x_wconf 83' lang='lat' dir='ltr'><strong>satellitum</strong></span> <span class='ocrx_word' id='word_1_33' title='bbox 972 891 1086 969; x_wconf 89' lang='lat' dir='ltr'><strong>prote-</strong></span> 
     </span>
     <span class='ocr_line' id='line_1_7' title="bbox 172 986 1087 1071; baseline 0.005 -22"><span class='ocrx_word' id='word_1_34' title='bbox 172 986 322 1071; x_wconf 81' lang='lat' dir='ltr'><strong>gentibus</strong></span> <span class='ocrx_word' id='word_1_35' title='bbox 352 986 513 1050; x_wconf 90' lang='lat' dir='ltr'><strong>saucium:</strong></span> <span class='ocrx_word' id='word_1_36' title='bbox 543 986 629 1051; x_wconf 88' lang='lat' dir='ltr'><strong>fama</strong></span> <span class='ocrx_word' id='word_1_37' title='bbox 656 994 766 1052; x_wconf 85' lang='lat' dir='ltr'><strong>tamen</strong></span> <span class='ocrx_word' id='word_1_38' title='bbox 789 989 887 1053; x_wconf 87' lang='lat' dir='ltr'><strong>occisi</strong></span> <span class='ocrx_word' id='word_1_39' title='bbox 909 988 989 1053; x_wconf 87' lang='lat' dir='ltr'><strong>falso</strong></span> <span class='ocrx_word' id='word_1_40' title='bbox 1013 1010 1087 1054; x_wconf 89' lang='lat' dir='ltr'><strong>ore-</strong></span> 
     </span>
     <span class='ocr_line' id='line_1_8' title="bbox 138 1089 1059 1177; baseline 0.011 -28"><span class='ocrx_word' id='word_1_41' title='bbox 138 1089 240 1155; x_wconf 78' lang='lat' dir='ltr'><strong>adita</strong></span> <span class='ocrx_word' id='word_1_42' title='bbox 263 1089 420 1154; x_wconf 87' lang='lat' dir='ltr'><strong>extorruit</strong></span> <span class='ocrx_word' id='word_1_43' title='bbox 442 1091 580 1156; x_wconf 90' lang='lat' dir='ltr'><strong>Parthos</strong></span> <span class='ocrx_word' id='word_1_44' title='bbox 603 1091 834 1177; x_wconf 87' lang='lat' dir='ltr'><strong>victoriamque</strong></span> <span class='ocrx_word' id='word_1_45' title='bbox 859 1114 1059 1160; x_wconf 79' lang='lat' dir='ltr'><strong>concessere.</strong></span> 
     </span>
    </p>

    <p class='ocr_par' dir='ltr' id='par_1_3' title="bbox 108 1193 1087 1593">
     <span class='ocr_line' id='line_1_9' title="bbox 108 1193 1087 1283; baseline 0.008 -27"><span class='ocrx_word' id='word_1_46' title='bbox 108 1216 111 1222; x_wconf 94' lang='lat'>·</span> <span class='ocrx_word' id='word_1_47' title='bbox 238 1195 290 1258; x_wconf 88' lang='grc'><strong>36.</strong></span> <span class='ocrx_word' id='word_1_48' title='bbox 320 1193 402 1257; x_wconf 88' lang='lat' dir='ltr'><strong>Mox</strong></span> <span class='ocrx_word' id='word_1_49' title='bbox 416 1193 602 1260; x_wconf 83' lang='lat' dir='ltr'><strong>Artabanus</strong></span> <span class='ocrx_word' id='word_1_50' title='bbox 619 1201 689 1260; x_wconf 88' lang='lat' dir='ltr'><strong>tota</strong></span> <span class='ocrx_word' id='word_1_51' title='bbox 704 1198 790 1263; x_wconf 88' lang='lat' dir='ltr'><strong>mole</strong></span> <span class='ocrx_word' id='word_1_52' title='bbox 805 1199 898 1283; x_wconf 85' lang='lat' dir='ltr'><strong>regni</strong></span> <span class='ocrx_word' id='word_1_53' title='bbox 915 1201 1018 1263; x_wconf 90' lang='lat' dir='ltr'><strong>ultum</strong></span> <span class='ocrx_word' id='word_1_54' title='bbox 1036 1199 1087 1264; x_wconf 92' lang='lat' dir='ltr'><strong>iit.</strong></span> 
     </span>
     <span class='ocr_line' id='line_1_10' title="bbox 172 1296 1086 1386; baseline 0.002 -22"><span class='ocrx_word' id='word_1_55' title='bbox 172 1297 288 1384; x_wconf 90' lang='lat' dir='ltr'><strong>peritia</strong></span> <span class='ocrx_word' id='word_1_56' title='bbox 305 1296 452 1362; x_wconf 88' lang='lat' dir='ltr'><strong>locorum</strong></span> <span class='ocrx_word' id='word_1_57' title='bbox 471 1298 511 1362; x_wconf 91' lang='lat' dir='ltr'><strong>ab</strong></span> <span class='ocrx_word' id='word_1_58' title='bbox 526 1298 659 1364; x_wconf 88' lang='lat' dir='ltr'><strong>Hiberis</strong></span> <span class='ocrx_word' id='word_1_59' title='bbox 674 1301 790 1364; x_wconf 90' lang='lat' dir='ltr'><strong>melius</strong></span> <span class='ocrx_word' id='word_1_60' title='bbox 806 1306 999 1386; x_wconf 75' lang='lat' dir='ltr'><strong>pugnatum,</strong></span> <span class='ocrx_word' id='word_1_61' title='bbox 1022 1322 1086 1366; x_wconf 91' lang='lat' dir='ltr'><strong>nec</strong></span> 
     </span>
     <span class='ocr_line' id='line_1_11' title="bbox 170 1401 1087 1490; baseline 0.003 -25"><span class='ocrx_word' id='word_1_62' title='bbox 170 1403 247 1468; x_wconf 90' lang='lat' dir='ltr'><strong>ideo</strong></span> <span class='ocrx_word' id='word_1_63' title='bbox 268 1401 474 1485; x_wconf 86' lang='lat' dir='ltr'><strong>abscedebat,</strong></span> <span class='ocrx_word' id='word_1_64' title='bbox 498 1403 531 1467; x_wconf 91' lang='lat' dir='ltr'><strong>ni</strong></span> <span class='ocrx_word' id='word_1_65' title='bbox 547 1405 719 1469; x_wconf 90' lang='lat' dir='ltr'><strong>contractis</strong></span> <span class='ocrx_word' id='word_1_66' title='bbox 734 1405 917 1490; x_wconf 83' lang='lat' dir='ltr'><strong>legionibus</strong></span> <span class='ocrx_word' id='word_1_67' title='bbox 932 1405 1087 1470; x_wconf 84' lang='lat' dir='ltr'><strong>Vitellius</strong></span> 
     </span>
     <span class='ocr_line' id='line_1_12' title="bbox 172 1493 1086 1593; baseline 0 -22"><span class='ocrx_word' id='word_1_68' title='bbox 172 1513 205 1571; x_wconf 89' lang='lat' dir='ltr'><strong>et</strong></span> <span class='ocrx_word' id='word_1_69' title='bbox 228 1505 356 1569; x_wconf 92' lang='lat' dir='ltr'><strong>subdito</strong></span> <span class='ocrx_word' id='word_1_70' title='bbox 381 1527 529 1587; x_wconf 86' lang='lat' dir='ltr'><strong>rumore,</strong></span> <span class='ocrx_word' id='word_1_71' title='bbox 555 1512 718 1591; x_wconf 86' lang='lat' dir='ltr'><strong>tamquam</strong></span> <span class='ocrx_word' id='word_1_72' title='bbox 740 1493 1011 1593; x_wconf 85' lang='lat' dir='ltr'><strong>Mesopotamiam</strong></span> <span class='ocrx_word' id='word_1_73' title='bbox 1033 1509 1086 1571; x_wconf 92' lang='lat' dir='ltr'><strong>in·</strong></span> 
     </span>
    </p>

    <p class='ocr_par' dir='ltr' id='par_1_4' title="bbox 148 1609 1088 2114">
     <span class='ocr_line' id='line_1_13' title="bbox 148 1609 1088 1693; baseline 0.009 -25"><span class='ocrx_word' id='word_1_74' title='bbox 148 1626 315 1693; x_wconf 79' lang='lat' dir='ltr'><strong>svasurus,</strong></span> <span class='ocrx_word' id='word_1_75' title='bbox 332 1616 454 1674; x_wconf 88' lang='lat' dir='ltr'><strong>metum</strong></span> <span class='ocrx_word' id='word_1_76' title='bbox 463 1609 605 1674; x_wconf 90' lang='lat' dir='ltr'><strong>Romani</strong></span> <span class='ocrx_word' id='word_1_77' title='bbox 621 1611 700 1690; x_wconf 75' lang='lat' dir='ltr'><strong>belli</strong></span> <span class='ocrx_word' id='word_1_78' title='bbox 713 1612 853 1677; x_wconf 87' lang='lat' dir='ltr'><strong>fecisset.</strong></span> <span class='ocrx_word' id='word_1_79' title='bbox 879 1619 948 1678; x_wconf 91' lang='lat' dir='ltr'><strong>tum</strong></span> <span class='ocrx_word' id='word_1_80' title='bbox 964 1615 1088 1678; x_wconf 88' lang='lat' dir='ltr'><strong>omissa</strong></span> 
     </span>
     <span class='ocr_line' id='line_1_14' title="bbox 169 1714 1086 1801; baseline 0.001 -22"><span class='ocrx_word' id='word_1_81' title='bbox 169 1714 326 1780; x_wconf 89' lang='lat' dir='ltr'><strong>Armenia</strong></span> <span class='ocrx_word' id='word_1_82' title='bbox 356 1736 538 1801; x_wconf 84' lang='lat' dir='ltr'><strong>versaeque</strong></span> <span class='ocrx_word' id='word_1_83' title='bbox 563 1715 722 1782; x_wconf 87' lang='lat' dir='ltr'><strong>Artabani</strong></span> <span class='ocrx_word' id='word_1_84' title='bbox 752 1738 804 1782; x_wconf 90' lang='lat' dir='ltr'><strong>res</strong></span> <span class='ocrx_word' id='word_1_85' title='bbox 837 1717 1001 1782; x_wconf 76' lang='lat' dir='ltr'><strong>inliciente</strong></span> <span class='ocrx_word' id='word_1_86' title='bbox 1024 1718 1086 1782; x_wconf 87' lang='lat' dir='ltr'><strong>Vi-</strong></span> 
     </span>
     <span class='ocr_line' id='line_1_15' title="bbox 169 1818 1083 1905; baseline -0.001 -21"><span class='ocrx_word' id='word_1_87' title='bbox 169 1819 259 1885; x_wconf 90' lang='lat' dir='ltr'><strong>tellio</strong></span> <span class='ocrx_word' id='word_1_88' title='bbox 289 1819 478 1885; x_wconf 89' lang='lat' dir='ltr'><strong>desererent</strong></span> <span class='ocrx_word' id='word_1_89' title='bbox 509 1840 622 1903; x_wconf 83' lang='lat' dir='ltr'><strong>regem</strong></span> <span class='ocrx_word' id='word_1_90' title='bbox 651 1840 784 1886; x_wconf 88' lang='lat' dir='ltr'><strong>saevum</strong></span> <span class='ocrx_word' id='word_1_91' title='bbox 808 1820 842 1884; x_wconf 92' lang='lat' dir='ltr'><strong>in</strong></span> <span class='ocrx_word' id='word_1_92' title='bbox 864 1842 944 1905; x_wconf 89' lang='lat' dir='ltr'><strong>pace</strong></span> <span class='ocrx_word' id='word_1_93' title='bbox 967 1826 1000 1886; x_wconf 89' lang='lat' dir='ltr'><strong>et</strong></span> <span class='ocrx_word' id='word_1_94' title='bbox 1024 1818 1083 1885; x_wconf 85' lang='lat' dir='ltr'><strong>ad-</strong></span> 
     </span>
     <span class='ocr_line' id='line_1_16' title="bbox 170 1925 1084 2009; baseline -0.001 -20"><span class='ocrx_word' id='word_1_95' title='bbox 170 1925 270 1989; x_wconf 87' lang='lat' dir='ltr'><strong>versis</strong></span> <span class='ocrx_word' id='word_1_96' title='bbox 280 1925 479 2009; x_wconf 86' lang='lat' dir='ltr'><strong>proeliorum</strong></span> <span class='ocrx_word' id='word_1_97' title='bbox 491 1925 675 1989; x_wconf 86' lang='lat' dir='ltr'><strong>exitiosum.</strong></span> <span class='ocrx_word' id='word_1_98' title='bbox 698 1925 798 2007; x_wconf 88' lang='lat' dir='ltr'><strong>igitur</strong></span> <span class='ocrx_word' id='word_1_99' title='bbox 807 1925 972 2008; x_wconf 80' lang='lat' dir='ltr'><strong>Sinnaces,</strong></span> <span class='ocrx_word' id='word_1_100' title='bbox 983 1945 1084 2009; x_wconf 89' lang='lat' dir='ltr'><strong>quem</strong></span> 
     </span>
     <span class='ocr_line' id='line_1_17' title="bbox 170 2027 1084 2114; baseline -0.001 -21"><span class='ocrx_word' id='word_1_101' title='bbox 170 2035 265 2095; x_wconf 87' lang='lat' dir='ltr'><strong>antea</strong></span> <span class='ocrx_word' id='word_1_102' title='bbox 293 2029 470 2104; x_wconf 73' lang='lat' dir='ltr'><strong>infensum,</strong></span> <span class='ocrx_word' id='word_1_103' title='bbox 484 2030 677 2110; x_wconf 83' lang='lat' dir='ltr'><strong>memoravi,</strong></span> <span class='ocrx_word' id='word_1_104' title='bbox 707 2034 832 2114; x_wconf 87' lang='lat' dir='ltr'><strong>patrem</strong></span> <span class='ocrx_word' id='word_1_105' title='bbox 862 2027 1084 2112; x_wconf 84' lang='lat' dir='ltr'><strong>Abdagaesen</strong></span> 
     </span>
    </p>

    <p class='ocr_par' dir='ltr' id='par_1_5' title="bbox 135 2132 1084 2635">
     <span class='ocr_line' id='line_1_18' title="bbox 135 2132 1084 2218; baseline 0.002 -24"><span class='ocrx_word' id='word_1_106' title='bbox 135 2156 161 2196; x_wconf 82' lang='grc' dir='ltr'><strong>ιο</strong></span> <span class='ocrx_word' id='word_1_107' title='bbox 169 2134 315 2218; x_wconf 88' lang='lat' dir='ltr'><strong>aliosque</strong></span> <span class='ocrx_word' id='word_1_108' title='bbox 341 2133 484 2198; x_wconf 88' lang='lat' dir='ltr'><strong>occultos</strong></span> <span class='ocrx_word' id='word_1_109' title='bbox 508 2132 633 2197; x_wconf 89' lang='lat' dir='ltr'><strong>consilii</strong></span> <span class='ocrx_word' id='word_1_110' title='bbox 655 2137 689 2197; x_wconf 90' lang='lat' dir='ltr'><strong>et</strong></span> <span class='ocrx_word' id='word_1_111' title='bbox 710 2138 787 2197; x_wconf 91' lang='lat' dir='ltr'><strong>tunc</strong></span> <span class='ocrx_word' id='word_1_112' title='bbox 806 2132 965 2197; x_wconf 89' lang='lat' dir='ltr'><strong>continuis</strong></span> <span class='ocrx_word' id='word_1_113' title='bbox 983 2132 1084 2197; x_wconf 87' lang='lat' dir='ltr'><strong>cladi-</strong></span> 
     </span>
     <span class='ocr_line' id='line_1_19' title="bbox 168 2235 1082 2323; baseline -0.001 -22"><span class='ocrx_word' id='word_1_114' title='bbox 168 2237 228 2301; x_wconf 91' lang='lat' dir='ltr'><strong>bus</strong></span> <span class='ocrx_word' id='word_1_115' title='bbox 247 2237 463 2323; x_wconf 88' lang='lat' dir='ltr'><strong>promptiores</strong></span> <span class='ocrx_word' id='word_1_116' title='bbox 487 2237 528 2301; x_wconf 90' lang='lat' dir='ltr'><strong>ad</strong></span> <span class='ocrx_word' id='word_1_117' title='bbox 547 2237 764 2302; x_wconf 86' lang='lat' dir='ltr'><strong>defectionem</strong></span> <span class='ocrx_word' id='word_1_118' title='bbox 778 2236 887 2319; x_wconf 86' lang='lat' dir='ltr'><strong>trahit,</strong></span> <span class='ocrx_word' id='word_1_119' title='bbox 909 2235 1082 2301; x_wconf 85' lang='lat' dir='ltr'><strong>adfluenti-</strong></span> 
     </span>
     <span class='ocr_line' id='line_1_20' title="bbox 168 2341 1082 2426; baseline -0.002 -20"><span class='ocrx_word' id='word_1_120' title='bbox 168 2342 229 2406; x_wconf 90' lang='lat' dir='ltr'><strong>bus</strong></span> <span class='ocrx_word' id='word_1_121' title='bbox 251 2342 406 2426; x_wconf 87' lang='lat' dir='ltr'><strong>paulatim</strong></span> <span class='ocrx_word' id='word_1_122' title='bbox 430 2341 484 2426; x_wconf 93' lang='lat' dir='ltr'><strong>qui</strong></span> <span class='ocrx_word' id='word_1_123' title='bbox 505 2348 594 2406; x_wconf 89' lang='lat' dir='ltr'><strong>metu</strong></span> <span class='ocrx_word' id='word_1_124' title='bbox 617 2341 719 2426; x_wconf 83' lang='lat' dir='ltr'><strong>magis</strong></span> <span class='ocrx_word' id='word_1_125' title='bbox 739 2363 835 2426; x_wconf 87' lang='lat' dir='ltr'><strong>quam</strong></span> <span class='ocrx_word' id='word_1_126' title='bbox 852 2341 1082 2407; x_wconf 83' lang='lat' dir='ltr'><strong>benevolentia</strong></span> 
     </span>
     <span class='ocr_line' id='line_1_21' title="bbox 169 2445 1078 2530; baseline -0.004 -20"><span class='ocrx_word' id='word_1_127' title='bbox 169 2445 304 2511; x_wconf 89' lang='lat' dir='ltr'><strong>subiecti</strong></span> <span class='ocrx_word' id='word_1_128' title='bbox 331 2446 469 2530; x_wconf 87' lang='lat' dir='ltr'><strong>repertis</strong></span> <span class='ocrx_word' id='word_1_129' title='bbox 498 2445 686 2510; x_wconf 90' lang='lat' dir='ltr'><strong>auctoribus</strong></span> <span class='ocrx_word' id='word_1_130' title='bbox 710 2445 907 2509; x_wconf 87' lang='lat' dir='ltr'><strong>sustulerant</strong></span> <span class='ocrx_word' id='word_1_131' title='bbox 931 2445 1078 2508; x_wconf 87' lang='lat' dir='ltr'><strong>animum.</strong></span> 
     </span>
     <span class='ocr_line' id='line_1_22' title="bbox 168 2547 1078 2635; baseline -0.007 -19"><span class='ocrx_word' id='word_1_132' title='bbox 168 2570 229 2616; x_wconf 91' lang='lat' dir='ltr'><strong>nec</strong></span> <span class='ocrx_word' id='word_1_133' title='bbox 251 2549 316 2614; x_wconf 91' lang='lat' dir='ltr'><strong>iam</strong></span> <span class='ocrx_word' id='word_1_134' title='bbox 339 2549 425 2612; x_wconf 89' lang='lat' dir='ltr'><strong>aliud</strong></span> <span class='ocrx_word' id='word_1_135' title='bbox 440 2547 606 2614; x_wconf 85' lang='lat' dir='ltr'><strong>Artabano</strong></span> <span class='ocrx_word' id='word_1_136' title='bbox 629 2549 792 2633; x_wconf 90' lang='lat' dir='ltr'><strong>reliquum</strong></span> <span class='ocrx_word' id='word_1_137' title='bbox 810 2569 906 2632; x_wconf 88' lang='lat' dir='ltr'><strong>quam</strong></span> <span class='ocrx_word' id='word_1_138' title='bbox 925 2548 1007 2635; x_wconf 92' lang='lat' dir='ltr'><strong>siqui</strong></span> <span class='ocrx_word' id='word_1_139' title='bbox 1020 2567 1078 2612; x_wconf 82' lang='lat' dir='ltr'><strong>ex-</strong></span> 
     </span>
    </p>

    <p class='ocr_par' dir='ltr' id='par_1_6' title="bbox 135 2650 1089 3154">
     <span class='ocr_line' id='line_1_23' title="bbox 135 2650 1086 2736; baseline 0.005 -25"><span class='ocrx_word' id='word_1_140' title='bbox 135 2672 160 2712; x_wconf 88' lang='lat'><strong>15</strong></span> <span class='ocrx_word' id='word_1_141' title='bbox 168 2659 334 2718; x_wconf 90' lang='lat' dir='ltr'><strong>ternorum</strong></span> <span class='ocrx_word' id='word_1_142' title='bbox 357 2652 486 2736; x_wconf 88' lang='lat' dir='ltr'><strong>corpori</strong></span> <span class='ocrx_word' id='word_1_143' title='bbox 508 2650 660 2717; x_wconf 89' lang='lat' dir='ltr'><strong>custodes</strong></span> <span class='ocrx_word' id='word_1_144' title='bbox 683 2651 836 2734; x_wconf 88' lang='lat' dir='ltr'><strong>aderant,</strong></span> <span class='ocrx_word' id='word_1_145' title='bbox 860 2651 925 2716; x_wconf 90' lang='lat' dir='ltr'><strong>suis</strong></span> <span class='ocrx_word' id='word_1_146' title='bbox 948 2652 1086 2736; x_wconf 88' lang='lat' dir='ltr'><strong>quisque</strong></span> 
     </span>
     <span class='ocr_line' id='line_1_24' title="bbox 169 2755 1087 2842; baseline -0.003 -20"><span class='ocrx_word' id='word_1_147' title='bbox 169 2757 299 2830; x_wconf 85' lang='lat' dir='ltr'><strong>sedibus</strong></span> <span class='ocrx_word' id='word_1_148' title='bbox 323 2762 478 2840; x_wconf 88' lang='lat' dir='ltr'><strong>extorres,</strong></span> <span class='ocrx_word' id='word_1_149' title='bbox 501 2757 572 2842; x_wconf 93' lang='lat' dir='ltr'><strong>quis</strong></span> <span class='ocrx_word' id='word_1_150' title='bbox 594 2777 699 2841; x_wconf 86' lang='lat' dir='ltr'><strong>nequo</strong></span> <span class='ocrx_word' id='word_1_151' title='bbox 720 2755 798 2821; x_wconf 92' lang='lat' dir='ltr'><strong>boni</strong></span> <span class='ocrx_word' id='word_1_152' title='bbox 820 2755 1003 2820; x_wconf 88' lang='lat' dir='ltr'><strong>intellectus</strong></span> <span class='ocrx_word' id='word_1_153' title='bbox 1025 2775 1087 2820; x_wconf 92' lang='lat' dir='ltr'><strong>ne-</strong></span> 
     </span>
     <span class='ocr_line' id='line_1_25' title="bbox 168 2859 1089 2948; baseline -0.004 -20"><span class='ocrx_word' id='word_1_154' title='bbox 168 2885 231 2948; x_wconf 89' lang='lat' dir='ltr'><strong>quo</strong></span> <span class='ocrx_word' id='word_1_155' title='bbox 264 2863 342 2928; x_wconf 90' lang='lat' dir='ltr'><strong>mali</strong></span> <span class='ocrx_word' id='word_1_156' title='bbox 371 2883 463 2939; x_wconf 87' lang='lat' dir='ltr'><strong>cura,</strong></span> <span class='ocrx_word' id='word_1_157' title='bbox 500 2860 560 2928; x_wconf 90' lang='lat' dir='ltr'><strong>sed</strong></span> <span class='ocrx_word' id='word_1_158' title='bbox 592 2860 744 2926; x_wconf 87' lang='lat' dir='ltr'><strong>mercede</strong></span> <span class='ocrx_word' id='word_1_159' title='bbox 785 2861 915 2924; x_wconf 91' lang='lat' dir='ltr'><strong>aluntur</strong></span> <span class='ocrx_word' id='word_1_160' title='bbox 946 2859 1089 2924; x_wconf 90' lang='lat' dir='ltr'><strong>ministri</strong></span> 
     </span>
     <span class='ocr_line' id='line_1_26' title="bbox 168 2963 1088 3052; baseline -0.008 -19"><span class='ocrx_word' id='word_1_161' title='bbox 168 2968 351 3034; x_wconf 87' lang='lat' dir='ltr'><strong>sceleribus.</strong></span> <span class='ocrx_word' id='word_1_162' title='bbox 383 2967 434 3031; x_wconf 87' lang='lat' dir='ltr'><strong>his</strong></span> <span class='ocrx_word' id='word_1_163' title='bbox 455 2965 633 3052; x_wconf 88' lang='lat' dir='ltr'><strong>adsumptis</strong></span> <span class='ocrx_word' id='word_1_164' title='bbox 651 2966 685 3029; x_wconf 91' lang='lat' dir='ltr'><strong>in</strong></span> <span class='ocrx_word' id='word_1_165' title='bbox 704 2963 882 3049; x_wconf 85' lang='lat' dir='ltr'><strong>longinqua</strong></span> <span class='ocrx_word' id='word_1_166' title='bbox 902 2968 935 3027; x_wconf 87' lang='lat' dir='ltr'><strong>et</strong></span> <span class='ocrx_word' id='word_1_167' title='bbox 953 2967 1088 3027; x_wconf 87' lang='lat' dir='ltr'><strong>conter-</strong></span> 
     </span>
     <span class='ocr_line' id='line_1_27' title="bbox 169 3066 1088 3154; baseline -0.005 -18"><span class='ocrx_word' id='word_1_168' title='bbox 169 3072 257 3137; x_wconf 88' lang='lat' dir='ltr'><strong>mina</strong></span> <span class='ocrx_word' id='word_1_169' title='bbox 278 3070 428 3154; x_wconf 83' lang='lat' dir='ltr'><strong>Scythiae</strong></span> <span class='ocrx_word' id='word_1_170' title='bbox 450 3069 559 3154; x_wconf 81' lang='lat' dir='ltr'><strong>sugam</strong></span> <span class='ocrx_word' id='word_1_171' title='bbox 582 3067 755 3134; x_wconf 87' lang='lat' dir='ltr'><strong>maturavit</strong></span> <span class='ocrx_word' id='word_1_172' title='bbox 778 3088 836 3152; x_wconf 92' lang='lat' dir='ltr'><strong>spe</strong></span> <span class='ocrx_word' id='word_1_173' title='bbox 859 3066 981 3149; x_wconf 84' lang='lat' dir='ltr'><strong>auxilii,</strong></span> <span class='ocrx_word' id='word_1_174' title='bbox 1008 3066 1088 3150; x_wconf 85' lang='lat' dir='ltr'><strong>quia</strong></span> 
     </span>
    </p>

    <p class='ocr_par' dir='ltr' id='par_1_7' title="bbox 138 3170 1089 3545">
     <span class='ocr_line' id='line_1_28' title="bbox 138 3170 1088 3259; baseline -0.006 -19"><span class='ocrx_word' id='word_1_175' title='bbox 138 3174 331 3259; x_wconf 77' lang='lat' dir='ltr'><strong>aoHyrcanis</strong></span> <span class='ocrx_word' id='word_1_176' title='bbox 354 3171 597 3256; x_wconf 75' lang='lat' dir='ltr'><strong>Carmaniisque</strong></span> <span class='ocrx_word' id='word_1_177' title='bbox 626 3193 687 3257; x_wconf 89' lang='lat' dir='ltr'><strong>per</strong></span> <span class='ocrx_word' id='word_1_178' title='bbox 717 3170 918 3236; x_wconf 88' lang='lat' dir='ltr'><strong>adfinitatem</strong></span> <span class='ocrx_word' id='word_1_179' title='bbox 945 3170 1088 3234; x_wconf 84' lang='lat' dir='ltr'><strong>innexus</strong></span> 
     </span>
     <span class='ocr_line' id='line_1_29' title="bbox 172 3274 1088 3363; baseline -0.004 -20"><span class='ocrx_word' id='word_1_180' title='bbox 172 3283 256 3343; x_wconf 89' lang='lat' dir='ltr'><strong>erat:</strong></span> <span class='ocrx_word' id='word_1_181' title='bbox 294 3283 390 3363; x_wconf 89' lang='lat' dir='ltr'><strong>atque</strong></span> <span class='ocrx_word' id='word_1_182' title='bbox 427 3277 556 3342; x_wconf 92' lang='lat' dir='ltr'><strong>interim</strong></span> <span class='ocrx_word' id='word_1_183' title='bbox 593 3297 689 3363; x_wconf 90' lang='lat' dir='ltr'><strong>posse</strong></span> <span class='ocrx_word' id='word_1_184' title='bbox 723 3276 862 3340; x_wconf 88' lang='lat' dir='ltr'><strong>Parthos</strong></span> <span class='ocrx_word' id='word_1_185' title='bbox 900 3274 1088 3340; x_wconf 86' lang='lat' dir='ltr'><strong>absentium</strong></span> 
     </span>
     <span class='ocr_line' id='line_1_30' title="bbox 172 3378 1089 3465; baseline 0 -22"><span class='ocrx_word' id='word_1_186' title='bbox 172 3400 309 3465; x_wconf 91' lang='lat' dir='ltr'><strong>aequos,</strong></span> <span class='ocrx_word' id='word_1_187' title='bbox 341 3379 562 3464; x_wconf 87' lang='lat' dir='ltr'><strong>praesentibus</strong></span> <span class='ocrx_word' id='word_1_188' title='bbox 589 3380 742 3462; x_wconf 89' lang='lat' dir='ltr'><strong>mobiles,</strong></span> <span class='ocrx_word' id='word_1_189' title='bbox 776 3378 818 3443; x_wconf 88' lang='lat' dir='ltr'><strong>ad</strong></span> <span class='ocrx_word' id='word_1_190' title='bbox 847 3379 1089 3463; x_wconf 88' lang='lat' dir='ltr'><strong>paonitentiam</strong></span> 
     </span>
     <span class='ocr_line' id='line_1_31' title="bbox 177 3483 304 3545; baseline 0 0"><span class='ocrx_word' id='word_1_191' title='bbox 177 3483 304 3545; x_wconf 89' lang='lat' dir='ltr'><strong>mutari.</strong></span> 
     </span>
    </p>
   </div>
   <div class='ocr_carea' id='block_1_3' title="bbox 0 0 1246 4014">
    <p class='ocr_par' dir='ltr' id='par_1_8' title="bbox 0 0 1246 4014">
     <span class='ocr_line' id='line_1_32' title="bbox 0 0 1246 4014; baseline 0 0"><span class='ocrx_word' id='word_1_192' title='bbox 0 0 1246 4014; x_wconf 95' lang='lat' dir='ltr'><strong> </strong></span> 
     </span>
    </p>
   </div>
  </div>
 </body>
</html>
