<?xml version="1.0" encoding="UTF-8"?>
<!DOCTYPE html PUBLIC "-//W3C//DTD XHTML 1.0 Transitional//EN"
    "http://www.w3.org/TR/xhtml1/DTD/xhtml1-transitional.dtd">
<html xmlns="http://www.w3.org/1999/xhtml" xml:lang="en" lang="en">
 <head>
  <title>
</title>
<meta http-equiv="Content-Type" content="text/html;charset=utf-8" />
  <meta name='ocr-system' content='tesseract 3.04.00' />
  <meta name='ocr-capabilities' content='ocr_page ocr_carea ocr_par ocr_line ocrx_word'/>
</head>
<body>
  <div class='ocr_page' id='page_1' title='image "./annalen01tacigoog_0070.png"; bbox 0 0 2498 4010; ppageno 0'>
   <div class='ocr_carea' id='block_1_1' title="bbox 254 299 996 354">
    <p class='ocr_par' dir='ltr' id='par_1_1' title="bbox 254 299 996 354">
     <span class='ocr_line' id='line_1_1' title="bbox 254 299 996 354; baseline 0 -12"><span class='ocrx_word' id='word_1_1' title='bbox 254 303 291 342; x_wconf 82' lang='lat' dir='ltr'>AB</span> <span class='ocrx_word' id='word_1_2' title='bbox 305 301 430 342; x_wconf 86' lang='lat' dir='ltr'>nxcnssn</span> <span class='ocrx_word' id='word_1_3' title='bbox 444 302 508 342; x_wconf 83' lang='lat' dir='ltr'>nrvr</span> <span class='ocrx_word' id='word_1_4' title='bbox 522 302 649 342; x_wconf 76' lang='lat' dir='ltr'>suausrr</span> <span class='ocrx_word' id='word_1_5' title='bbox 661 303 673 342; x_wconf 92' lang='lat'>1</span> <span class='ocrx_word' id='word_1_6' title='bbox 688 301 771 342; x_wconf 80' lang='lat' dir='ltr'>rr-sr.</span> <span class='ocrx_word' id='word_1_7' title='bbox 960 299 996 354; x_wconf 74' lang='lat'>57</span> 
     </span>
    </p>
   </div>
   <div class='ocr_carea' id='block_1_2' title="bbox 22 460 1043 3571">
    <p class='ocr_par' dir='ltr' id='par_1_2' title="bbox 93 460 1036 1049">
     <span class='ocr_line' id='line_1_2' title="bbox 93 460 997 548; baseline 0.002 -24"><span class='ocrx_word' id='word_1_8' title='bbox 93 460 158 525; x_wconf 87' lang='lat' dir='ltr'>triis</span> <span class='ocrx_word' id='word_1_9' title='bbox 195 461 340 525; x_wconf 91' lang='lat' dir='ltr'>amnibus</span> <span class='ocrx_word' id='word_1_10' title='bbox 373 461 566 527; x_wconf 85' lang='lat' dir='ltr'>dicaverint:</span> <span class='ocrx_word' id='word_1_11' title='bbox 600 463 676 546; x_wconf 91' lang='lat' dir='ltr'>quin</span> <span class='ocrx_word' id='word_1_12' title='bbox 713 464 817 548; x_wconf 91' lang='lat' dir='ltr'>ipsum</span> <span class='ocrx_word' id='word_1_13' title='bbox 856 464 997 528; x_wconf 75' lang='lat' dir='ltr'>liberim</span> 
     </span>
     <span class='ocr_line' id='line_1_3' title="bbox 93 565 1000 653; baseline 0.001 -23"><span class='ocrx_word' id='word_1_14' title='bbox 93 565 176 630; x_wconf 92' lang='lat' dir='ltr'>nolle</span> <span class='ocrx_word' id='word_1_15' title='bbox 192 586 323 649; x_wconf 86' lang='lat' dir='ltr'>prorsus</span> <span class='ocrx_word' id='word_1_16' title='bbox 338 566 455 630; x_wconf 81' lang='lat' dir='ltr'>accolis</span> <span class='ocrx_word' id='word_1_17' title='bbox 470 566 574 630; x_wconf 85' lang='lat' dir='ltr'>fluviis</span> <span class='ocrx_word' id='word_1_18' title='bbox 591 567 737 631; x_wconf 86' lang='lat' dir='ltr'>orbatum</span> <span class='ocrx_word' id='word_1_19' title='bbox 755 568 880 632; x_wconf 90' lang='lat' dir='ltr'>minore</span> <span class='ocrx_word' id='word_1_20' title='bbox 896 568 1000 653; x_wconf 87' lang='lat' dir='ltr'>gloria</span> 
     </span>
     <span class='ocr_line' id='line_1_4' title="bbox 93 671 999 758; baseline 0.003 -25"><span class='ocrx_word' id='word_1_21' title='bbox 93 672 199 734; x_wconf 86' lang='lat' dir='ltr'>fluere.</span> <span class='ocrx_word' id='word_1_22' title='bbox 238 689 294 733; x_wconf 91' lang='lat' dir='ltr'>seu</span> <span class='ocrx_word' id='word_1_23' title='bbox 318 690 430 754; x_wconf 80' lang='lat' dir='ltr'>preces</span> <span class='ocrx_word' id='word_1_24' title='bbox 445 671 642 735; x_wconf 86' lang='lat' dir='ltr'>coloniarum</span> <span class='ocrx_word' id='word_1_25' title='bbox 658 693 715 736; x_wconf 88' lang='lat' dir='ltr'>seu</span> <span class='ocrx_word' id='word_1_26' title='bbox 735 671 904 737; x_wconf 87' lang='lat' dir='ltr'>difficultas</span> <span class='ocrx_word' id='word_1_27' title='bbox 922 694 999 758; x_wconf 92' lang='lat' dir='ltr'>ope-</span> 
     </span>
     <span class='ocr_line' id='line_1_5' title="bbox 94 775 1036 859; baseline 0.001 -20"><span class='ocrx_word' id='word_1_28' title='bbox 94 797 162 839; x_wconf 90' lang='lat' dir='ltr'>rum</span> <span class='ocrx_word' id='word_1_29' title='bbox 195 775 262 839; x_wconf 91' lang='lat' dir='ltr'>sive</span> <span class='ocrx_word' id='word_1_30' title='bbox 295 775 479 859; x_wconf 78' lang='lat' dir='ltr'>superstitio</span> <span class='ocrx_word' id='word_1_31' title='bbox 507 775 629 858; x_wconf 79' lang='lat' dir='ltr'>¹ualuit,</span> <span class='ocrx_word' id='word_1_32' title='bbox 668 781 703 838; x_wconf 88' lang='lat' dir='ltr'>ut</span> <span class='ocrx_word' id='word_1_33' title='bbox 741 777 774 840; x_wconf 91' lang='lat' dir='ltr'>in</span> <span class='ocrx_word' id='word_1_34' title='bbox 807 776 1000 840; x_wconf 89' lang='lat' dir='ltr'>sententiam</span> <span class='ocrx_word' id='word_1_35' title='bbox 1010 803 1036 841; x_wconf 77' lang='lat' dir='ltr'>no</span> 
     </span>
     <span class='ocr_line' id='line_1_6' title="bbox 96 879 999 968; baseline 0 -24"><span class='ocrx_word' id='word_1_36' title='bbox 96 879 156 968; x_wconf 57' lang='lat' dir='ltr'>On,</span> <span class='ocrx_word' id='word_1_37' title='bbox 173 879 301 945; x_wconf 90' lang='lat' dir='ltr'>Pisonis</span> <span class='ocrx_word' id='word_1_38' title='bbox 316 879 557 962; x_wconf 77' lang='lat' dir='ltr'>concederetur,</span> <span class='ocrx_word' id='word_1_39' title='bbox 582 881 636 962; x_wconf 90' lang='lat' dir='ltr'>qui</span> <span class='ocrx_word' id='word_1_40' title='bbox 659 879 704 942; x_wconf 92' lang='lat' dir='ltr'>nil</span> <span class='ocrx_word' id='word_1_41' title='bbox 719 880 909 943; x_wconf 89' lang='lat' dir='ltr'>mutandum</span> <span class='ocrx_word' id='word_1_42' title='bbox 925 901 999 944; x_wconf 91' lang='lat' dir='ltr'>cen-</span> 
     </span>
     <span class='ocr_line' id='line_1_7' title="bbox 94 990 208 1049; baseline -0.018 -1"><span class='ocrx_word' id='word_1_43' title='bbox 94 990 208 1049; x_wconf 88' lang='lat' dir='ltr'>suerat.</span> 
     </span>
    </p>

    <p class='ocr_par' dir='ltr' id='par_1_3' title="bbox 22 1086 1042 2528">
     <span class='ocr_line' id='line_1_8' title="bbox 158 1086 1002 1173; baseline -0.002 -20"><span class='ocrx_word' id='word_1_44' title='bbox 158 1091 208 1153; x_wconf 83' lang='lat'>80.</span> <span class='ocrx_word' id='word_1_45' title='bbox 248 1089 447 1172; x_wconf 84' lang='lat' dir='ltr'>Prorogatur</span> <span class='ocrx_word' id='word_1_46' title='bbox 481 1087 636 1172; x_wconf 83' lang='lat' dir='ltr'>Poppaeo</span> <span class='ocrx_word' id='word_1_47' title='bbox 675 1086 793 1152; x_wconf 79' lang='lat' dir='ltr'>Sabino</span> <span class='ocrx_word' id='word_1_48' title='bbox 835 1087 1002 1173; x_wconf 84' lang='lat' dir='ltr'>provincia</span> 
     </span>
     <span class='ocr_line' id='line_1_9' title="bbox 94 1190 1001 1282; baseline -0.004 -24"><span class='ocrx_word' id='word_1_49' title='bbox 94 1194 232 1276; x_wconf 90' lang='lat' dir='ltr'>Moesia,</span> <span class='ocrx_word' id='word_1_50' title='bbox 262 1192 381 1256; x_wconf 86' lang='lat' dir='ltr'>additis</span> <span class='ocrx_word' id='word_1_51' title='bbox 404 1191 528 1256; x_wconf 86' lang='lat' dir='ltr'>Achaia</span> <span class='ocrx_word' id='word_1_52' title='bbox 557 1213 595 1255; x_wconf 89' lang='lat' dir='ltr'>ac</span> <span class='ocrx_word' id='word_1_53' title='bbox 617 1190 818 1282; x_wconf 86' lang='lat' dir='ltr'>Macedonia.</span> <span class='ocrx_word' id='word_1_54' title='bbox 863 1192 897 1255; x_wconf 89' lang='lat' dir='ltr'>id</span> <span class='ocrx_word' id='word_1_55' title='bbox 922 1213 1001 1276; x_wconf 92' lang='lat' dir='ltr'>quo-</span> 
     </span>
     <span class='ocr_line' id='line_1_10' title="bbox 95 1295 1003 1381; baseline -0.003 -20"><span class='ocrx_word' id='word_1_56' title='bbox 95 1318 156 1381; x_wconf 94' lang='lat' dir='ltr'>que</span> <span class='ocrx_word' id='word_1_57' title='bbox 183 1318 309 1361; x_wconf 90' lang='lat' dir='ltr'>morum</span> <span class='ocrx_word' id='word_1_58' title='bbox 337 1296 458 1361; x_wconf 86' lang='lat' dir='ltr'>Tiberii</span> <span class='ocrx_word' id='word_1_59' title='bbox 486 1295 559 1378; x_wconf 85' lang='lat' dir='ltr'>fuit,</span> <span class='ocrx_word' id='word_1_60' title='bbox 590 1295 777 1360; x_wconf 88' lang='lat' dir='ltr'>continuare</span> <span class='ocrx_word' id='word_1_61' title='bbox 807 1296 944 1380; x_wconf 88' lang='lat' dir='ltr'>imperia</span> <span class='ocrx_word' id='word_1_62' title='bbox 966 1317 1003 1359; x_wconf 92' lang='lat' dir='ltr'>ac</span> 
     </span>
     <span class='ocr_line' id='line_1_11' title="bbox 93 1400 1005 1487; baseline -0.001 -22"><span class='ocrx_word' id='word_1_63' title='bbox 93 1403 264 1487; x_wconf 88' lang='lat' dir='ltr'>plerosque</span> <span class='ocrx_word' id='word_1_64' title='bbox 281 1401 323 1465; x_wconf 92' lang='lat' dir='ltr'>ad</span> <span class='ocrx_word' id='word_1_65' title='bbox 344 1402 441 1465; x_wconf 91' lang='lat' dir='ltr'>finem</span> <span class='ocrx_word' id='word_1_66' title='bbox 460 1403 545 1464; x_wconf 85' lang='lat' dir='ltr'>vitae</span> <span class='ocrx_word' id='word_1_67' title='bbox 568 1400 602 1463; x_wconf 93' lang='lat' dir='ltr'>in</span> <span class='ocrx_word' id='word_1_68' title='bbox 616 1400 720 1464; x_wconf 89' lang='lat' dir='ltr'>isdem</span> <span class='ocrx_word' id='word_1_69' title='bbox 735 1401 930 1466; x_wconf 87' lang='lat' dir='ltr'>exercitibus</span> <span class='ocrx_word' id='word_1_70' title='bbox 949 1408 1005 1464; x_wconf 88' lang='lat' dir='ltr'>aut</span> 
     </span>
     <span class='ocr_line' id='line_1_12' title="bbox 92 1503 1027 1570; baseline 0.001 -1"><span class='ocrx_word' id='word_1_71' title='bbox 92 1505 365 1570; x_wconf 90' lang='lat' dir='ltr'>iurisdictionibus</span> <span class='ocrx_word' id='word_1_72' title='bbox 387 1505 516 1569; x_wconf 87' lang='lat' dir='ltr'>habere.</span> <span class='ocrx_word' id='word_1_73' title='bbox 563 1525 677 1568; x_wconf 87' lang='lat' dir='ltr'>causae</span> <span class='ocrx_word' id='word_1_74' title='bbox 699 1506 788 1569; x_wconf 88' lang='lat' dir='ltr'>varie</span> <span class='ocrx_word' id='word_1_75' title='bbox 818 1503 1027 1570; x_wconf 77' lang='lat' dir='ltr'>traduntur:⁵</span> 
     </span>
     <span class='ocr_line' id='line_1_13' title="bbox 92 1608 1005 1693; baseline -0.002 -20"><span class='ocrx_word' id='word_1_76' title='bbox 92 1609 148 1673; x_wconf 90' lang='lat' dir='ltr'>alii</span> <span class='ocrx_word' id='word_1_77' title='bbox 171 1609 279 1673; x_wconf 89' lang='lat' dir='ltr'>taedio</span> <span class='ocrx_word' id='word_1_78' title='bbox 295 1630 399 1673; x_wconf 89' lang='lat' dir='ltr'>novae</span> <span class='ocrx_word' id='word_1_79' title='bbox 416 1629 511 1672; x_wconf 87' lang='lat' dir='ltr'>curae</span> <span class='ocrx_word' id='word_1_80' title='bbox 528 1608 629 1672; x_wconf 91' lang='lat' dir='ltr'>semel</span> <span class='ocrx_word' id='word_1_81' title='bbox 652 1608 770 1692; x_wconf 87' lang='lat' dir='ltr'>placita</span> <span class='ocrx_word' id='word_1_82' title='bbox 789 1628 848 1693; x_wconf 91' lang='lat' dir='ltr'>pro</span> <span class='ocrx_word' id='word_1_83' title='bbox 866 1609 1005 1673; x_wconf 88' lang='lat' dir='ltr'>aeternis</span> 
     </span>
     <span class='ocr_line' id='line_1_14' title="bbox 92 1710 1002 1797; baseline -0.001 -21"><span class='ocrx_word' id='word_1_84' title='bbox 92 1714 281 1794; x_wconf 88' lang='lat' dir='ltr'>servavisse,</span> <span class='ocrx_word' id='word_1_85' title='bbox 306 1712 437 1797; x_wconf 88' lang='lat' dir='ltr'>quidam</span> <span class='ocrx_word' id='word_1_86' title='bbox 458 1710 587 1794; x_wconf 85' lang='lat' dir='ltr'>invidia,</span> <span class='ocrx_word' id='word_1_87' title='bbox 612 1731 653 1774; x_wconf 90' lang='lat' dir='ltr'>ne</span> <span class='ocrx_word' id='word_1_88' title='bbox 676 1713 784 1795; x_wconf 91' lang='lat' dir='ltr'>plures</span> <span class='ocrx_word' id='word_1_89' title='bbox 807 1713 1002 1793; x_wconf 80' lang='lat' dir='ltr'>fruerentur3&#39;</span> 
     </span>
     <span class='ocr_line' id='line_1_15' title="bbox 93 1816 1006 1905; baseline 0.001 -25"><span class='ocrx_word' id='word_1_90' title='bbox 93 1823 168 1881; x_wconf 89' lang='lat' dir='ltr'>sunt</span> <span class='ocrx_word' id='word_1_91' title='bbox 191 1818 245 1901; x_wconf 93' lang='lat' dir='ltr'>qui</span> <span class='ocrx_word' id='word_1_92' title='bbox 269 1817 470 1899; x_wconf 82' lang='lat' dir='ltr'>existiment,</span> <span class='ocrx_word' id='word_1_93' title='bbox 498 1821 534 1880; x_wconf 91' lang='lat' dir='ltr'>ut</span> <span class='ocrx_word' id='word_1_94' title='bbox 557 1816 709 1880; x_wconf 89' lang='lat' dir='ltr'>callidum</span> <span class='ocrx_word' id='word_1_95' title='bbox 733 1817 800 1880; x_wconf 90' lang='lat' dir='ltr'>eius</span> <span class='ocrx_word' id='word_1_96' title='bbox 829 1817 1006 1905; x_wconf 83' lang='lat' dir='ltr'>ingenium,</span> 
     </span>
     <span class='ocr_line' id='line_1_16' title="bbox 93 1921 1006 2005; baseline 0 -19"><span class='ocrx_word' id='word_1_97' title='bbox 93 1923 140 1986; x_wconf 92' lang='lat' dir='ltr'>ita</span> <span class='ocrx_word' id='word_1_98' title='bbox 170 1922 302 1985; x_wconf 85' lang='lat' dir='ltr'>anxium</span> <span class='ocrx_word' id='word_1_99' title='bbox 334 1921 502 2002; x_wconf 74' lang='lat' dir='ltr'>iudicium,</span> <span class='ocrx_word' id='word_1_100' title='bbox 537 1941 641 2005; x_wconf 90' lang='lat' dir='ltr'>neque</span> <span class='ocrx_word' id='word_1_101' title='bbox 673 1921 841 1984; x_wconf 88' lang='lat' dir='ltr'>eminentis</span> <span class='ocrx_word' id='word_1_102' title='bbox 871 1923 1006 1986; x_wconf 86' lang='lat' dir='ltr'>virtutes</span> 
     </span>
     <span class='ocr_line' id='line_1_17' title="bbox 94 2023 1042 2111; baseline 0.001 -22"><span class='ocrx_word' id='word_1_103' title='bbox 94 2025 277 2090; x_wconf 88' lang='lat' dir='ltr'>sectabatur</span> <span class='ocrx_word' id='word_1_104' title='bbox 309 2031 342 2089; x_wconf 92' lang='lat' dir='ltr'>et</span> <span class='ocrx_word' id='word_1_105' title='bbox 373 2045 498 2089; x_wconf 92' lang='lat' dir='ltr'>rursum</span> <span class='ocrx_word' id='word_1_106' title='bbox 529 2024 607 2088; x_wconf 86' lang='lat' dir='ltr'>vitia</span> <span class='ocrx_word' id='word_1_107' title='bbox 639 2023 769 2088; x_wconf 88' lang='lat' dir='ltr'>oderat:</span> <span class='ocrx_word' id='word_1_108' title='bbox 804 2045 845 2088; x_wconf 88' lang='lat' dir='ltr'>ex</span> <span class='ocrx_word' id='word_1_109' title='bbox 878 2025 1006 2111; x_wconf 89' lang='lat' dir='ltr'>optimis</span> <span class='ocrx_word' id='word_1_110' title='bbox 1016 2050 1042 2090; x_wconf 89' lang='lat' dir='ltr'>ro</span> 
     </span>
     <span class='ocr_line' id='line_1_18' title="bbox 22 2127 1006 2214; baseline 0.002 -21"><span class='ocrx_word' id='word_1_111' title='bbox 22 2197 23 2200; x_wconf 51' lang='lat'>,</span> <span class='ocrx_word' id='word_1_112' title='bbox 93 2128 272 2214; x_wconf 90' lang='lat' dir='ltr'>periculum</span> <span class='ocrx_word' id='word_1_113' title='bbox 296 2128 365 2208; x_wconf 91' lang='lat' dir='ltr'>sibi,</span> <span class='ocrx_word' id='word_1_114' title='bbox 389 2148 407 2190; x_wconf 87' lang='lat' dir='ltr'>a</span> <span class='ocrx_word' id='word_1_115' title='bbox 429 2127 577 2212; x_wconf 89' lang='lat' dir='ltr'>pessimis</span> <span class='ocrx_word' id='word_1_116' title='bbox 593 2127 734 2192; x_wconf 88' lang='lat' dir='ltr'>dedecus</span> <span class='ocrx_word' id='word_1_117' title='bbox 758 2129 921 2212; x_wconf 91' lang='lat' dir='ltr'>publicum</span> <span class='ocrx_word' id='word_1_118' title='bbox 938 2153 1006 2196; x_wconf 92' lang='lat' dir='ltr'>me·</span> 
     </span>
     <span class='ocr_line' id='line_1_19' title="bbox 22 2231 1006 2320; baseline 0.004 -24"><span class='ocrx_word' id='word_1_119' title='bbox 22 2277 23 2280; x_wconf 24' lang='lat'>¹</span> <span class='ocrx_word' id='word_1_120' title='bbox 94 2234 217 2297; x_wconf 92' lang='lat' dir='ltr'>tuebat.</span> <span class='ocrx_word' id='word_1_121' title='bbox 263 2252 326 2315; x_wconf 87' lang='lat' dir='ltr'>qua</span> <span class='ocrx_word' id='word_1_122' title='bbox 347 2231 559 2297; x_wconf 89' lang='lat' dir='ltr'>haesitatione</span> <span class='ocrx_word' id='word_1_123' title='bbox 582 2239 746 2317; x_wconf 91' lang='lat' dir='ltr'>postremo</span> <span class='ocrx_word' id='word_1_124' title='bbox 772 2255 810 2298; x_wconf 91' lang='lat' dir='ltr'>eo</span> <span class='ocrx_word' id='word_1_125' title='bbox 835 2242 1006 2320; x_wconf 82' lang='lat' dir='ltr'>provectus</span> 
     </span>
     <span class='ocr_line' id='line_1_20' title="bbox 95 2336 1007 2425; baseline 0.002 -24"><span class='ocrx_word' id='word_1_126' title='bbox 95 2343 161 2422; x_wconf 88' lang='lat' dir='ltr'>est,</span> <span class='ocrx_word' id='word_1_127' title='bbox 192 2343 228 2401; x_wconf 88' lang='lat' dir='ltr'>ut</span> <span class='ocrx_word' id='word_1_128' title='bbox 250 2336 451 2401; x_wconf 87' lang='lat' dir='ltr'>mandaverit</span> <span class='ocrx_word' id='word_1_129' title='bbox 472 2336 663 2421; x_wconf 90' lang='lat' dir='ltr'>quibusdam</span> <span class='ocrx_word' id='word_1_130' title='bbox 695 2339 894 2423; x_wconf 87' lang='lat' dir='ltr'>provincias,</span> <span class='ocrx_word' id='word_1_131' title='bbox 927 2361 1007 2425; x_wconf 93' lang='lat' dir='ltr'>quos</span> 
     </span>
     <span class='ocr_line' id='line_1_21' title="bbox 95 2442 676 2528; baseline -0.003 -21"><span class='ocrx_word' id='word_1_132' title='bbox 95 2442 209 2528; x_wconf 84' lang='lat' dir='ltr'>egredi</span> <span class='ocrx_word' id='word_1_133' title='bbox 232 2442 311 2506; x_wconf 92' lang='lat' dir='ltr'>urbe</span> <span class='ocrx_word' id='word_1_134' title='bbox 334 2463 399 2506; x_wconf 90' lang='lat' dir='ltr'>non</span> <span class='ocrx_word' id='word_1_135' title='bbox 423 2447 492 2506; x_wconf 88' lang='lat' dir='ltr'>erat</span> <span class='ocrx_word' id='word_1_136' title='bbox 514 2462 676 2526; x_wconf 90' lang='lat' dir='ltr'>passurus.</span> 
     </span>
    </p>

    <p class='ocr_par' dir='ltr' id='par_1_4' title="bbox 93 2545 1043 3571">
     <span class='ocr_line' id='line_1_22' title="bbox 160 2545 1006 2633; baseline 0 -22"><span class='ocrx_word' id='word_1_137' title='bbox 160 2550 213 2611; x_wconf 87' lang='grc'>81.</span> <span class='ocrx_word' id='word_1_138' title='bbox 245 2546 296 2611; x_wconf 91' lang='lat' dir='ltr'>De</span> <span class='ocrx_word' id='word_1_139' title='bbox 321 2545 458 2610; x_wconf 88' lang='lat' dir='ltr'>comitiis</span> <span class='ocrx_word' id='word_1_140' title='bbox 482 2545 716 2630; x_wconf 88' lang='lat' dir='ltr'>consularibus,</span> <span class='ocrx_word' id='word_1_141' title='bbox 745 2569 826 2632; x_wconf 91' lang='lat' dir='ltr'>quae</span> <span class='ocrx_word' id='word_1_142' title='bbox 849 2553 918 2611; x_wconf 90' lang='lat' dir='ltr'>tum</span> <span class='ocrx_word' id='word_1_143' title='bbox 941 2549 1006 2633; x_wconf 92' lang='lat' dir='ltr'>pri·</span> 
     </span>
     <span class='ocr_line' id='line_1_23' title="bbox 94 2651 1006 2737; baseline -0.001 -20"><span class='ocrx_word' id='word_1_144' title='bbox 94 2676 185 2718; x_wconf 90' lang='lat' dir='ltr'>mum</span> <span class='ocrx_word' id='word_1_145' title='bbox 207 2653 263 2717; x_wconf 94' lang='lat' dir='ltr'>illo</span> <span class='ocrx_word' id='word_1_146' title='bbox 293 2651 436 2737; x_wconf 89' lang='lat' dir='ltr'>principe</span> <span class='ocrx_word' id='word_1_147' title='bbox 467 2672 504 2715; x_wconf 91' lang='lat' dir='ltr'>ac</span> <span class='ocrx_word' id='word_1_148' title='bbox 527 2651 680 2736; x_wconf 89' lang='lat' dir='ltr'>deinceps</span> <span class='ocrx_word' id='word_1_149' title='bbox 709 2652 815 2734; x_wconf 82' lang='lat' dir='ltr'>luere,</span> <span class='ocrx_word' id='word_1_150' title='bbox 839 2653 896 2716; x_wconf 83' lang='lat' dir='ltr'>vix</span> <span class='ocrx_word' id='word_1_151' title='bbox 919 2653 1006 2736; x_wconf 91' lang='lat' dir='ltr'>quic-</span> 
     </span>
     <span class='ocr_line' id='line_1_24' title="bbox 94 2755 1006 2842; baseline -0.002 -20"><span class='ocrx_word' id='word_1_152' title='bbox 94 2779 192 2842; x_wconf 89' lang='lat' dir='ltr'>quam</span> <span class='ocrx_word' id='word_1_153' title='bbox 225 2756 350 2821; x_wconf 83' lang='lat' dir='ltr'>firmare</span> <span class='ocrx_word' id='word_1_154' title='bbox 383 2757 503 2820; x_wconf 87' lang='lat' dir='ltr'>ausim:</span> <span class='ocrx_word' id='word_1_155' title='bbox 536 2756 618 2820; x_wconf 89' lang='lat' dir='ltr'>adeo</span> <span class='ocrx_word' id='word_1_156' title='bbox 652 2755 779 2821; x_wconf 86' lang='lat' dir='ltr'>diversa</span> <span class='ocrx_word' id='word_1_157' title='bbox 810 2778 874 2821; x_wconf 94' lang='lat' dir='ltr'>non</span> <span class='ocrx_word' id='word_1_158' title='bbox 908 2756 1006 2820; x_wconf 92' lang='lat' dir='ltr'>modo</span> 
     </span>
     <span class='ocr_line' id='line_1_25' title="bbox 93 2860 1006 2949; baseline -0.001 -24"><span class='ocrx_word' id='word_1_159' title='bbox 93 2861 183 2949; x_wconf 88' lang='lat' dir='ltr'>apud</span> <span class='ocrx_word' id='word_1_160' title='bbox 206 2865 354 2926; x_wconf 86' lang='lat' dir='ltr'>auctores</span> <span class='ocrx_word' id='word_1_161' title='bbox 375 2861 431 2925; x_wconf 89' lang='lat' dir='ltr'>sed</span> <span class='ocrx_word' id='word_1_162' title='bbox 455 2860 488 2924; x_wconf 91' lang='lat' dir='ltr'>in</span> <span class='ocrx_word' id='word_1_163' title='bbox 510 2860 610 2945; x_wconf 91' lang='lat' dir='ltr'>ipsius</span> <span class='ocrx_word' id='word_1_164' title='bbox 627 2860 824 2925; x_wconf 88' lang='lat' dir='ltr'>orationibus</span> <span class='ocrx_word' id='word_1_165' title='bbox 840 2863 1006 2946; x_wconf 90' lang='lat' dir='ltr'>reperiun-</span> 
     </span>
     <span class='ocr_line' id='line_1_26' title="bbox 93 2963 1030 3032; baseline -0.002 -3"><span class='ocrx_word' id='word_1_166' title='bbox 93 2973 155 3031; x_wconf 84' lang='lat' dir='ltr'>tur.</span> <span class='ocrx_word' id='word_1_167' title='bbox 212 2963 310 3028; x_wconf 94' lang='lat' dir='ltr'>modo</span> <span class='ocrx_word' id='word_1_168' title='bbox 343 2964 513 3030; x_wconf 83' lang='lat' dir='ltr'>subtractis</span> <span class='ocrx_word' id='word_1_169' title='bbox 543 2964 786 3028; x_wconf 88' lang='lat' dir='ltr'>candidatorum</span> <span class='ocrx_word' id='word_1_170' title='bbox 823 2967 1030 3032; x_wconf 79' lang='lat' dir='ltr'>nominibuss</span> 
     </span>
     <span class='ocr_line' id='line_1_27' title="bbox 95 3069 1007 3155; baseline -0.001 -21"><span class='ocrx_word' id='word_1_171' title='bbox 95 3071 256 3155; x_wconf 86' lang='lat' dir='ltr'>originem</span> <span class='ocrx_word' id='word_1_172' title='bbox 273 3070 426 3154; x_wconf 89' lang='lat' dir='ltr'>cuiusque</span> <span class='ocrx_word' id='word_1_173' title='bbox 443 3077 476 3134; x_wconf 88' lang='lat' dir='ltr'>et</span> <span class='ocrx_word' id='word_1_174' title='bbox 489 3069 589 3133; x_wconf 89' lang='lat' dir='ltr'>vitam</span> <span class='ocrx_word' id='word_1_175' title='bbox 605 3076 637 3133; x_wconf 88' lang='lat' dir='ltr'>et</span> <span class='ocrx_word' id='word_1_176' title='bbox 654 3069 813 3154; x_wconf 88' lang='lat' dir='ltr'>stipendia</span> <span class='ocrx_word' id='word_1_177' title='bbox 829 3069 1007 3155; x_wconf 91' lang='lat' dir='ltr'>descripsit,</span> 
     </span>
     <span class='ocr_line' id='line_1_28' title="bbox 96 3173 1007 3262; baseline -0.004 -22"><span class='ocrx_word' id='word_1_178' title='bbox 96 3177 202 3262; x_wconf 92' lang='lat' dir='ltr'>utqui</span> <span class='ocrx_word' id='word_1_179' title='bbox 225 3176 331 3240; x_wconf 87' lang='lat' dir='ltr'>forent</span> <span class='ocrx_word' id='word_1_180' title='bbox 353 3174 612 3256; x_wconf 86' lang='lat' dir='ltr'>intellegeretur:</span> <span class='ocrx_word' id='word_1_181' title='bbox 638 3173 809 3257; x_wconf 89' lang='lat' dir='ltr'>aliquando</span> <span class='ocrx_word' id='word_1_182' title='bbox 826 3193 865 3238; x_wconf 90' lang='lat' dir='ltr'>ea</span> <span class='ocrx_word' id='word_1_183' title='bbox 880 3194 1007 3258; x_wconf 92' lang='lat' dir='ltr'>quoque</span> 
     </span>
     <span class='ocr_line' id='line_1_29' title="bbox 97 3275 1006 3364; baseline -0.001 -22"><span class='ocrx_word' id='word_1_184' title='bbox 97 3280 331 3364; x_wconf 89' lang='lat' dir='ltr'>significatione</span> <span class='ocrx_word' id='word_1_185' title='bbox 362 3279 524 3343; x_wconf 88' lang='lat' dir='ltr'>subtracta</span> <span class='ocrx_word' id='word_1_186' title='bbox 553 3275 740 3341; x_wconf 88' lang='lat' dir='ltr'>candidatos</span> <span class='ocrx_word' id='word_1_187' title='bbox 770 3279 934 3360; x_wconf 86' lang='lat' dir='ltr'>hortatus,</span> <span class='ocrx_word' id='word_1_188' title='bbox 965 3299 1006 3342; x_wconf 91' lang='lat' dir='ltr'>ne</span> 
     </span>
     <span class='ocr_line' id='line_1_30' title="bbox 99 3377 1007 3460; baseline -0.002 -16"><span class='ocrx_word' id='word_1_189' title='bbox 99 3385 220 3448; x_wconf 84' lang='lat' dir='ltr'>ambitu</span> <span class='ocrx_word' id='word_1_190' title='bbox 253 3381 383 3446; x_wconf 90' lang='lat' dir='ltr'>comitia</span> <span class='ocrx_word' id='word_1_191' title='bbox 420 3380 601 3460; x_wconf 88' lang='lat' dir='ltr'>turbarent,</span> <span class='ocrx_word' id='word_1_192' title='bbox 637 3399 727 3441; x_wconf 89' lang='lat' dir='ltr'>suam</span> <span class='ocrx_word' id='word_1_193' title='bbox 759 3377 800 3440; x_wconf 92' lang='lat' dir='ltr'>ad</span> <span class='ocrx_word' id='word_1_194' title='bbox 833 3377 866 3441; x_wconf 93' lang='lat' dir='ltr'>id</span> <span class='ocrx_word' id='word_1_195' title='bbox 899 3400 1007 3444; x_wconf 90' lang='lat' dir='ltr'>curam</span> 
     </span>
     <span class='ocr_line' id='line_1_31' title="bbox 98 3481 1043 3571; baseline -0.007 -18"><span class='ocrx_word' id='word_1_196' title='bbox 98 3489 262 3571; x_wconf 89' lang='lat' dir='ltr'>pollicitus</span> <span class='ocrx_word' id='word_1_197' title='bbox 286 3491 344 3550; x_wconf 86' lang='lat' dir='ltr'>est.</span> <span class='ocrx_word' id='word_1_198' title='bbox 396 3484 584 3569; x_wconf 90' lang='lat' dir='ltr'>plerumque</span> <span class='ocrx_word' id='word_1_199' title='bbox 617 3501 673 3545; x_wconf 90' lang='lat' dir='ltr'>eos</span> <span class='ocrx_word' id='word_1_200' title='bbox 702 3486 825 3545; x_wconf 87' lang='lat' dir='ltr'>tantum</span> <span class='ocrx_word' id='word_1_201' title='bbox 858 3481 943 3567; x_wconf 89' lang='lat' dir='ltr'>apud</span> <span class='ocrx_word' id='word_1_202' title='bbox 973 3504 1008 3548; x_wconf 91' lang='lat' dir='ltr'>se</span> <span class='ocrx_word' id='word_1_203' title='bbox 1018 3508 1043 3547; x_wconf 88' lang='lat'>10</span> 
     </span>
    </p>
   </div>
   <div class='ocr_carea' id='block_1_3' title="bbox 0 0 1259 4010">
    <p class='ocr_par' dir='ltr' id='par_1_5' title="bbox 0 0 1259 4010">
     <span class='ocr_line' id='line_1_32' title="bbox 0 0 1259 4010; baseline 0 0"><span class='ocrx_word' id='word_1_204' title='bbox 0 0 1259 4010; x_wconf 95' lang='lat' dir='ltr'> </span> 
     </span>
    </p>
   </div>
  </div>
 </body>
</html>
