2444 4010
268 288 306 326 nn
319 258 445 328 axonssu
458 288 523 328 nrm
535 265 663 330 Aucusrr
675 290 699 329 11
712 290 796 330 ao-ss.
935 263 990 342 109

87 446 156 530 quia
181 448 336 532 populum
366 447 550 512 Romanum
581 469 684 533 aequo
716 447 786 512 iure
819 449 991 532 complecti

85 549 206 615 reddita
226 551 376 618 libertate
399 551 602 636 agitaverint.
639 554 700 616 hos
720 552 810 638 vulgi
825 573 1027 618 sermonesro

86 652 190 720 audita
210 676 298 720 mors
321 657 403 721 adeo
426 657 579 738 incendit,
601 665 638 722 ut
660 663 734 722 ante
759 657 900 724 edictum
923 680 992 722 ma·

85 758 280 843 gistratuum,
297 765 371 824 ante
387 766 518 826 senatus
532 763 714 827 consultum
727 767 855 846 sumpto
868 762 991 827 iustitio

86 862 309 928 desererentur
335 864 422 948 fora,
453 865 681 930 clauderentur
703 866 828 932 domus.
872 867 991 952 passim

86 965 207 1032 silentia
230 973 263 1032 et
284 969 433 1052 gemitus,
457 970 538 1034 nihil
561 971 778 1056 compositum
800 973 834 1036 in
851 977 992 1037 ostenta-

84 1070 219 1152 tionem3
242 1078 275 1136 et
290 1092 483 1158 quamquam
498 1095 603 1158 neque
619 1075 798 1161 insignibus
813 1075 994 1162 lugentium
1005 1101 1029 1141 15

85 1172 287 1257 abstinerent,
310 1177 406 1240 altius
429 1178 542 1242 animis
557 1179 755 1243 maerebant.
792 1179 876 1244 forte
891 1199 993 1262 nego-

83 1280 215 1344 tiatores
246 1283 376 1347 vivente
407 1282 513 1348 adhue
536 1283 730 1348 Germanico
755 1283 849 1348 Suria
872 1283 996 1367 egressi

84 1385 217 1451 laetiora
248 1385 289 1451 de
317 1387 505 1453 valetudine
533 1389 681 1452 attulere.
727 1389 834 1453 statim
864 1386 995 1470 credita,

84 1489 188 1552 statim
210 1491 343 1575 vulgata
365 1497 454 1556 sunt:
479 1491 672 1577 utquisque
696 1492 825 1574 obvius,
849 1492 996 1577 quamvis

84 1590 199 1657 leviter
220 1594 329 1658 audita
351 1595 487 1658 in‘alios
510 1600 607 1679 atque
629 1594 677 1658 illi
700 1595 734 1661 in
755 1595 864 1683 plures
883 1615 1031 1662 oumu-ao

83 1697 143 1762 lata
165 1697 285 1782 gaudio
309 1681 516 1763 transferunt.
554 1704 682 1762 cursant
704 1719 764 1782 per
777 1699 901 1780 urbem,
925 1719 994 1762 mo-

83 1801 202 1866 liuntur
224 1803 417 1886 templorum
440 1803 543 1884 fores3
570 1803 658 1867 iuvat
681 1802 907 1866 credulitatem
928 1821 996 1865 nox

85 1911 114 1968 et
135 1906 317 1990 promptior
338 1905 422 1971 inter
443 1907 594 1970 tenebras
617 1905 807 1972 adfirmatio.
852 1926 913 1970 neo
937 1905 996 1970 ob·

84 2009 161 2072 stitit
193 2007 281 2072 falsis
309 2009 473 2092 Tiberius,
511 2008 615 2074 donec
643 2014 792 2094 tempore
822 2030 859 2073 ac
891 2009 995 2092 spatio

83 2119 308 2179 vanescerent:
345 2119 378 2180 et
405 2115 545 2198 populus
575 2113 664 2198 quasi
694 2133 821 2178 rursum
849 2120 997 2198 ereptum
1005 2141 1031 2180 as

84 2218 187 2282 acrius
210 2216 324 2281 doluit.

146 2324 199 2387 83.
232 2309 401 2402 Honores,
424 2329 460 2387 ut
483 2323 553 2406 quis
576 2341 686 2386 amore
709 2321 743 2385 in
767 2322 996 2388 Germanicum

83 2433 134 2491 aut
155 2427 288 2512 ingenio
305 2426 439 2508 validus,
462 2425 583 2509 reperti
600 2423 803 2509 decretique:
826 2431 862 2488 ut
876 2424 998 2490 nomen

84 2531 196 2596 Sahari
219 2531 360 2596 carmine
382 2536 568 2611 caneretur3
591 2528 686 2592 sedes
702 2529 830 2592 curules
846 2527 996 2593 sacerdo·
1072 2512 1077 2523 ⁸

83 2640 149 2699 tum
180 2633 409 2720 Augustalium
446 2634 526 2698 locis
558 2653 719 2717 superque
751 2654 805 2698 eas
838 2653 996 2717 querceae

85 2757 221 2804 coronae
245 2743 481 2818 statuerentur;
503 2734 599 2801 ludos
623 2737 782 2800 circenses
805 2737 928 2801 eburna
950 2730 1017 2799 ef-s

84 2841 173 2927 figies
196 2841 338 2926 praeiret
359 2859 443 2906 neve
466 2839 537 2924 quis
558 2839 676 2924 flamen
698 2845 753 2902 aut
775 2859 877 2922 augur
898 2839 932 2903 in
946 2840 995 2903 lo-

85 2965 155 3010 cum
171 2944 356 3012 Germanioi
377 2943 439 3009 nisi
453 2942 559 3026 gentis
574 2943 677 3006 Iuliae
694 2948 867 3008 crearetur.
904 2963 996 3008 arcus

85 3048 185 3115 additi
206 3049 333 3114 Romae
357 3054 390 3112 et
413 3047 499 3133 apud
521 3048 623 3132 ripam
645 3046 753 3113 Rheni
776 3053 809 3112 et
831 3048 864 3111 in
886 3056 995 3113 monte

86 3151 195 3218 Suriae
218 3151 346 3218 Amano
373 3173 444 3216 cum
467 3151 678 3236 inscriptione
700 3171 809 3215 rerum
832 3159 994 3235 gestarum

87 3277 121 3320 ac
142 3264 282 3322 mortem
306 3257 347 3321 ob
371 3276 439 3321 rem
462 3255 625 3340 publicam
649 3253 765 3337 obisse,
789 3254 994 3338 sepulchrum
1008 3285 1032 3324 ιο

86 3357 293 3445 Antiochiae,
322 3361 379 3425 ubi
408 3365 582 3442 crematus,
611 3360 749 3424 tribunal
771 3359 995 3446 Epidaphnae,

88 3484 148 3547 quo
178 3465 211 3528 in
231 3466 304 3529 loco
328 3465 428 3530 vitam
449 3465 585 3530 finierat.
631 3469 808 3529 statuarum
832 3466 994 3531 columna·

137 3573 255 3616 Cornelius
269 3576 364 3615 Tacitus
377 3556 395 3615 Ῑ.
824 3572 839 3619 ‘l
