2482 4014
311 312 349 351 11
362 311 488 352 excussu
501 311 565 351 nrvr
579 311 706 352 1111111
719 311 751 351 vr
763 311 849 352 11-11.
975 305 1032 362 239

118 471 305 535 invasurum
327 489 475 553 possessa
499 467 584 552 Oyro
609 473 642 532 et
664 474 738 552 post
760 466 950 532 Alexandro
973 490 1033 554 per

118 575 395 660 vaniloquentiam
424 595 461 638 ac
490 573 592 639 minas
623 574 771 638 iaciebat.
817 572 876 636 sed
904 573 1033 638 Parthis

119 679 270 745 mittendi
292 683 434 745 secretos
456 677 586 742 nuntios
609 675 824 742 validissimus
847 683 961 742 auctor
973 678 1033 743 fuit
1043 699 1068 739 15

120 785 289 865 Sinnaces,
313 782 430 866 insigni
452 781 571 846 familia
594 803 632 846 ao
656 781 844 873 opibuaet
866 782 1033 867 proximus

119 888 196 953 huia
218 885 344 952 Abdus,
381 887 406 950 ii
427 884 558 950 adscitis
582 892 614 951 et
637 885 708 949 aliis
730 885 934 971 primoribus,
958 888 1035 972 quia

119 980 285 1058 neminem
314 991 422 1074 gentis
443 988 673 1056 Arsacidarum
703 1011 847 1054 summae
870 991 919 1056 rei
942 992 1034 1075 inpo-

119 1119 200 1162 nere
223 1102 390 1183 poterant,
417 1095 595 1162 interfectis
619 1094 658 1158 ab
681 1094 848 1159 Artabano
871 1094 1032 1179 plerisque

119 1207 177 1266 aut
191 1200 335 1292 nondum
349 1200 477 1282 adultis,
495 1198 657 1264 Phraaten
671 1200 757 1282 regis
767 1199 915 1264 Phraatis
931 1200 1033 1264 filium
1043 1215 1069 1254 2⁰

119 1303 230 1368 Roma
251 1304 443 1388 poscebant:
471 1303 601 1367 nomine
623 1309 747 1368 tautum
772 1325 854 1388 opus
878 1305 1034 1387 Caesaris,

120 1417 159 1473 ut
172 1431 274 1495 genus
283 1409 414 1474 Arsacis
429 1411 533 1495 ripam
546 1409 634 1493 apud
647 1407 822 1493 Euphratis
837 1415 1033 1475 cerneretur.

189 1515 240 1578 32.
266 1512 417 1598 Cupitum
435 1512 468 1575 id
477 1512 625 1578 Tiberio:
644 1518 737 1576 ornat
749 1511 911 1576 Phraaten
927 1513 1033 1578 accin-

126 1620 238 1704 gitque
259 1621 430 1703 paternum
452 1616 493 1681 ad
509 1615 683 1698 fastigium,
707 1613 868 1680 destinata
882 1615 1034 1699 retinens,

123 1722 266 1789 consiliis
289 1727 322 1786 et
343 1725 415 1785 astu
436 1740 489 1786 res
512 1726 663 1785 externas
678 1719 794 1801 moliri,
818 1739 907 1782 arma
921 1721 1034 1803 procul
1124 1793 1127 1800 ¹

122 1825 254 1890 hahere.
298 1825 423 1890 interea
451 1824 589 1907 cognitis
617 1823 742 1888 insidiis
761 1824 947 1890 ¹Artabanus
970 1831 1034 1889 tar·

125 1929 196 1994 dari
216 1935 315 2014 metu,
339 1929 437 1994 modo
463 1928 613 2015 cupidine
636 1928 797 1994 vindictae
819 1929 1054 1995 inardesceres

123 2039 158 2099 et
180 2035 322 2100 barbaris
346 2035 506 2100 cunctatio
530 2033 672 2116 servilis,
696 2033 802 2097 statim
826 2033 961 2118 exsequi
982 2056 1033 2098 re·

48 2195 51 2204 .
121 2139 211 2223 gium
233 2137 377 2204 videtur:
409 2139 510 2204 valuit
538 2146 647 2203 tamen
675 2137 812 2220 utilitas,
843 2143 880 2202 ut
901 2137 1033 2203 Abdum

121 2243 230 2328 specie
254 2241 413 2306 amicitiae
437 2247 587 2307 vocatum
611 2240 653 2306 ad
672 2239 785 2325 epulas
799 2242 887 2307 lento
906 2263 1033 2308 veneno

119 2347 282 2431 inligaret,
305 2345 465 2412 Sinnacen
489 2346 744 2414 dissimulatione
761 2369 798 2412 ac
814 2348 916 2430 donis,
940 2350 1035 2413 simul

120 2473 180 2538 per
201 2451 336 2536 negotia
357 2457 549 2515 moraretur.
583 2458 616 2516 et
631 2452 788 2517 Phraates
806 2452 893 2538 apud
908 2454 1034 2519 Suriam
1044 2469 1069 2508 1⁰

123 2557 201 2622 dum
225 2557 343 2622 omisso
363 2556 451 2620 cultu
467 2557 628 2640 Romano,
652 2557 703 2621 cui
720 2577 780 2642 per
797 2564 847 2622 tot
868 2578 968 2622 annos
984 2560 1032 2622 in-

123 2665 282 2741 sueverat,
304 2661 451 2726 instituta
465 2661 660 2726 Parthorum
674 2662 781 2740 sumit,
804 2661 915 2747 patriis
934 2663 1032 2726 mori-

121 2764 182 2828 bus
211 2763 314 2848 impar
342 2764 456 2829 morbo
486 2764 673 2850 absumptus
702 2771 762 2830 est.
808 2765 865 2830 sed
891 2767 1032 2831 111Τί-

120 2868 229 2933 berius
253 2868 359 2932 omisit
380 2869 524 2953 incepta:
557 2868 735 2934 Tiridatem
760 2869 923 2954 sanguinis
947 2870 1031 2934 eius-

121 2973 195 3038 dem
236 2975 396 3038 aemulum
431 2973 598 3039 Artabano
636 2973 932 3058 reciperandaeque
968 2971 1066 3037 Ar·1⁵

119 3077 245 3143 meniae
268 3078 429 3144 Hiberum
447 3077 656 3144 Mithridaten
680 3078 794 3160 deligit
817 3077 1031 3160 conciliatque

119 3181 210 3245 fratri
218 3180 440 3264 Pharasmani,
458 3182 512 3265 qui
525 3184 647 3265 gentile
662 3183 834 3265 imperium
849 3181 1029 3262 obtinebat,

120 3290 153 3350 et
171 3286 293 3350 cunctis
316 3305 398 3369 quae
422 3287 508 3370 apud
533 3288 691 3352 orientem
709 3288 903 3371 parabantur
919 3285 957 3350 L.
972 3285 1030 3349 Vi-

119 3388 244 3452 tellium
259 3388 424 3472 praefecit.
457 3410 496 3454 11
512 3389 552 3454 de
566 3391 697 3456 homine
714 3389 800 3456 haud
815 3410 885 3453 sum
900 3390 1031 3476 ignarus

121 3492 283 3556 sinistram
306 3492 339 3557 in
361 3493 441 3558 urbe
464 3493 580 3558 famam
609 3495 763 3579 pleraque
787 3493 884 3559 foeda
906 3514 1065 3558 memo-20
