2482 4014
213 281 269 337 222
543 285 681 326 conunnu
694 287 791 326 rsorrr

213 445 413 510 discerneres
428 445 550 509 alienos
567 466 585 508 a
600 443 788 525 coniunctis,
805 443 925 507 amicos
938 443 977 506 ab
993 444 1126 525 ignotis,

213 549 289 634 quid
311 569 428 633 repens
453 557 508 613 aut
530 553 691 613 vetustate
716 547 903 611 obscurum:
933 547 1070 632 perinde
1094 549 1128 613 in
1225 541 1226 544 '

211 652 292 733 foro,
308 653 341 716 in
358 652 518 734 convivio,
535 673 661 736 quaqua
678 650 718 715 de
730 673 764 716 re
776 651 877 716 locuti
890 651 1127 736 incusabantur,

212 762 248 821 ut
271 757 341 839 quis
371 756 560 840 praevenire
592 761 624 819 et
652 776 745 820 reum
776 754 935 821 destinare
962 762 1129 841 properat,
1225 783 1226 786 ¹

179 883 286 945 1spars
309 860 351 925 ad
374 860 551 925 subsidium
574 860 640 943 sui,
662 860 771 945 plures
793 860 904 925 infecti
926 860 1016 944 quasi
1040 861 1130 926 vale-

212 967 324 1054 tudine
354 973 386 1030 et
416 971 574 1031 contactu.
629 965 685 1029 sed
715 963 874 1030 Minucius
906 970 938 1029 et
967 965 1129 1030 Servaeus

214 1070 356 1135 damnati
383 1069 542 1134 indicibus
572 1090 749 1134 accessere.
800 1069 956 1153 tractique
989 1075 1064 1133 sunt
1096 1070 1129 1134 in

213 1195 323 1238 casum
346 1175 486 1240 eundem
501 1175 604 1239 Iulius
619 1171 790 1237 Africanus
814 1195 831 1238 e
848 1174 1009 1257 Santonis,
1034 1173 1129 1238 Seius

214 1277 413 1352 Quadratus:
448 1279 606 1363 originem
635 1297 702 1342 non
732 1278 871 1362 repperi.
917 1299 1024 1362 neque
1057 1299 1130 1342 sum

179 1384 343 1468 signarus
367 1404 386 1446 a
408 1382 572 1468 plerisque
589 1382 798 1466 scriptoribus
815 1383 932 1446 omissa
952 1380 1129 1445 multorum
1225 1461 1226 1470 ,

214 1488 357 1570 pericula
380 1494 413 1552 et
435 1508 567 1573 poenas,
592 1487 668 1550 dum
691 1488 785 1571 eopia
800 1486 951 1550 fatiscunt
966 1490 1022 1549 aut
1045 1506 1127 1570 quae

213 1592 291 1677 ipsis
320 1592 418 1656 nimia
449 1597 482 1656 et
512 1599 634 1656 maesta
667 1612 707 1656 ne
740 1592 820 1676 pari·
841 1590 949 1654 taedio
985 1591 1128 1656 lecturos

214 1694 389 1761 adficerent
410 1703 580 1760 verentur:
603 1695 696 1760 nobis
711 1696 865 1779 pleraque
882 1694 980 1779 digna
996 1696 1129 1779 cognitu
1225 1731 1226 1770 ,

214 1799 386 1880 obvenere,
409 1820 601 1884 quamquam
624 1801 664 1864 ab
688 1799 758 1863 aliis
780 1798 986 1863 incelebrata.

281 1907 310 1968 8.
341 1903 424 1968 Nam
449 1925 487 1967 ea
509 1909 713 1988 tempestate,
737 1924 799 1988 qua
821 1902 929 1966 Seiani
951 1902 1125 1967 amicitiam

215 2007 315 2071 ceteri
337 2007 416 2070 falso
442 2017 614 2090 exuerant,
644 2029 740 2072 ausus
767 2011 816 2071 est
839 2026 937 2090 eques
959 2004 1126 2070 Romanus

214 2109 258 2178 M.
271 2110 449 2193 Terentius,
467 2111 507 2174 ob
520 2110 553 2173 id
565 2131 648 2188 reus,
668 2111 828 2194 amplecti,
845 2108 886 2173 ad
898 2108 983 2172 huno
993 2110 1127 2173 modum

215 2213 302 2298 apud
325 2220 471 2279 senatum
495 2213 667 2279 ordiendo:
698 2214 857 2296 ,fortunae
881 2211 1011 2297 quidem
1035 2234 1127 2276 meae

193 2319 351 2383 sfortasse
374 2318 479 2383 minus
496 2316 650 2403 expediat
665 2316 864 2400 adgnoscere
888 2316 1010 2380 crimen
1033 2337 1128 2400 quam

214 2423 372 2486 abnuere:
406 2421 464 2485 sed
492 2427 666 2506 utcumque
697 2443 809 2486 casura
838 2441 907 2502 res,
939 2419 1066 2484 fatebor
1096 2425 1128 2483 et

213 2525 312 2590 fuisse
336 2546 387 2589 me
412 2525 528 2591 Seiano
559 2527 697 2590 amioum
724 2532 756 2589 et
778 2532 813 2589 ut
837 2546 940 2589 essem
964 2526 1127 2610 expetisse
1225 2607 1226 2610 Ἴ

215 2636 248 2694 ct
278 2638 450 2713 postquam
482 2629 619 2712 adeptus
650 2651 736 2693 eram
768 2630 930 2693 laetatum.
982 2631 1129 2694 videram

216 2734 375 2817 collegam
408 2734 508 2818 patris
540 2732 691 2817 regendis
724 2733 894 2816 praetoriis
929 2733 1127 2815 cohortibus,
1225 2777 1226 2782 κ

181 2861 293 2903 romox
324 2837 411 2901 urbis
443 2844 476 2902 et
505 2838 638 2902 militiae
671 2836 780 2900 munia
814 2835 908 2899 simul
943 2835 1126 2900 obeuntem.

214 2943 299 3006 illius
322 2942 495 3027 propinqui
519 2946 551 3004 et
574 2940 696 3004 adfines
718 2940 895 3005 honoribus
911 2942 1127 3025 augebantur3

216 3056 251 3113 ut
274 3047 407 3131 quisque
430 3046 547 3110 Seiano
571 3045 720 3125 intimus,
746 3044 791 3107 ita
814 3043 855 3106 ad
880 3043 1027 3109 Caesaris
1051 3047 1129 3109 ami-

216 3152 324 3216 citiam
347 3150 488 3215 validus:
519 3156 630 3214 contra
652 3149 767 3232 quibus
789 3146 949 3231 infensus,
978 3155 1068 3213 metu
1091 3171 1128 3213 so
1218 3141 1226 3156 ''

216 3255 363 3320 sordibus
387 3253 658 3318 conflictabantur.
690 3273 750 3316 nec
766 3274 959 3337 quemquam
976 3256 1127 3340 exemplo

183 3388 207 3425 15
216 3358 364 3423 adsumo:
389 3365 531 3441 cunctos,
555 3360 610 3442 qui
633 3358 798 3422 novissimi
817 3358 940 3421 consilii
965 3365 1128 3443 expertes,

217 3483 290 3526 meo
314 3463 408 3525 unius
432 3463 614 3527 discrimine
632 3461 813 3526 defendam.
854 3463 1022 3526 nonenim
1039 3463 1127 3526 Seia·
1225 3527 1226 3532 ,
