2482 4014
242 291 301 348 203
573 295 822 336 communimur

241 458 301 536 tas,
316 453 472 518 secedens
486 453 659 518 adversum
671 454 852 539 proximos3
875 473 1069 538 congressus
1080 473 1157 518 oon·

242 558 361 643 loquis,
382 565 480 622 uotae
494 558 692 642 ignotaeque
706 579 803 623 aures
818 559 927 640 vitari3
950 561 1051 623 etiam
1066 574 1156 624 muta

243 669 339 747 atquo
360 663 518 744 inanima,
539 671 663 728 tectum
685 669 720 728 et
740 664 884 748 parietes
906 664 1156 748 circumspecta·

209 768 368 832 shantur.

307 873 359 935 70.
389 870 455 935 Sed
470 871 591 936 Caesar
612 871 783 936 sollemnia
799 870 982 955 incipientis
996 872 1075 935 anni
1098 872 1157 936 ku·

240 973 345 1039 leudis
358 973 516 1040 Ianuariis
531 975 670 1057 epistula
679 981 828 1060 precatus
841 975 939 1040 vortit
952 974 987 1038 in
996 975 1156 1040 Sabinum

240 1086 410 1164 eorruptos
431 1078 591 1165 quosdam
612 1079 804 1146 libertorum
825 1086 860 1144 et
880 1080 1021 1165 petitum
1043 1100 1083 1144 se
1106 1103 1156 1145 ar·

239 1203 342 1267 gneus
363 1183 586 1268 ultionemque
615 1184 703 1248 haud
724 1186 861 1250 obscure
883 1185 1050 1270 poscebat
1094 1207 1156 1250 neo

219 1305 332 1350 smors
352 1287 430 1371 quin
451 1286 696 1370 decerneretur3
719 1298 753 1354 et
770 1288 956 1354 trahebatur
971 1289 1157 1355 damnatus

238 1397 393 1477 quantum
415 1390 557 1456 obduota
577 1401 670 1457 reste
692 1399 726 1458 el
748 1393 908 1458 adstrictis
922 1393 1073 1458 faucibus
1095 1394 1155 1457 uiti

237 1504 375 1581 poterat,
398 1497 566 1560 clamitans
586 1497 633 1560 sio
647 1497 793 1562 iuohoari
808 1517 936 1578 aunum,
958 1498 1018 1562 has
1032 1497 1156 1562 Seiano

237 1603 384 1668 victimas
397 1601 526 1667 eadere.
555 1622 620 1686 quo
629 1601 822 1666 intendisset
835 1603 957 1682 oeulos,
972 1621 1038 1686 quo
1051 1601 1157 1667 rerba
1228 1598 1229 1614 ¹

236 1708 432 1788 acciderent,
453 1707 531 1791 fuga
552 1708 702 1789 restitns,
724 1705 831 1771 deseri
853 1707 970 1770 itinera
990 1703 1075 1770 fora.
1122 1719 1156 1770 et

204 1809 368 1897 1⁰quidam
388 1809 657 1894 regrediebantur
675 1810 944 1894 ostentabantque
965 1829 1001 1872 se
1022 1829 1155 1873 rursum

236 1914 271 1979 id
292 1915 399 1999 ipsum
420 1919 576 1999 paventes
598 1913 685 2000 quod
707 1915 897 1980 timuissent
933 1934 1040 1998 quem
1064 1916 1155 1980 euim

238 2017 325 2082 diem
339 2039 475 2083 vacuum
489 2039 606 2103 poene,
628 2018 684 2083 ubi
705 2019 791 2083 iuter
812 2037 904 2082 saera
925 2025 959 2083 et
973 2024 1063 2100 vota,
1087 2040 1154 2104 quo
1229 2009 1230 2028 ἶ

236 2129 384 2206 tempore
402 2122 510 2186 verbis
526 2122 625 2186 etiam
640 2122 783 2206 profanis
797 2121 949 2186 abstineri
964 2143 1037 2186 mos
1052 2131 1153 2195 esset,

235 2227 343 2293 vinela
369 2233 403 2291 ot
432 2227 567 2311 laquens
595 2225 809 2291 induoauturl’
852 2247 920 2292 nou
946 2225 1065 2291 rudem
1097 2227 1152 2292 Ti·

202 2353 227 2390 15
235 2332 361 2397 borium
389 2337 511 2394 tautam
539 2329 695 2394 invidiam
725 2330 851 2412 adisse,
882 2336 932 2394 set
965 2331 1151 2415 quaesitum

235 2433 500 2518 meditatamque,
507 2434 629 2518 nequid
637 2433 797 2519 impedire
806 2433 957 2498 credatur
966 2455 1031 2519 quo
1041 2435 1153 2500 miuus

222 2537 312 2603 'novi
332 2538 548 2621 magistratus,
570 2559 634 2624 quo
647 2538 749 2604 modo
765 2539 901 2605 delubra
916 2546 949 2603 et
963 2540 1089 2615 altaria,
1104 2541 1151 2603 sic

236 2662 397 2706 earoerem
419 2642 597 2708 recludant.
633 2650 764 2710 seoutae
778 2644 1050 2727 insuperlitterae
1074 2665 1149 2728 gra·

235 2754 284 2813 tes
305 2749 442 2832 agentis,
463 2747 552 2834 quod
573 2748 737 2814 homiuem
759 2750 920 2814 infensum
934 2748 983 2812 rei
996 2748 1149 2833 publioae

200 2879 226 2917 ao
235 2853 447 2938 punivissent,
461 2851 589 2918 adiecto
604 2854 765 2938 trepidum
780 2853 842 2918 sibi
855 2853 966 2934 vitam,
980 2861 1150 2936 suspectas

237 2955 440 3020 inimieorum
461 2955 604 3038 insidias,
627 2957 717 3022 nullo
732 2957 922 3021 nominatim
944 2957 1147 3040 conpellato;

235 3079 340 3144 neque
363 3069 472 3124 temen
494 3059 703 3124 dubitabatur
728 3061 762 3125 in
782 3061 949 3125 Neronem
971 3065 1004 3124 et
1026 3059 1148 3144 Agrip-

236 3165 345 3250 pinam
365 3163 500 3229 intendi.

302 3269 353 3331 71.
384 3267 427 3330 Ni
449 3265 529 3331 mihi
558 3266 752 3331 destinatum
778 3265 863 3331 foret
884 3287 978 3330 suum
999 3286 1148 3352 qusoque

237 3372 271 3434 iu
292 3391 411 3434 annum
425 3368 557 3452 referre,
580 3372 696 3436 avebat
716 3372 841 3436 animus
855 3374 959 3436 antire
974 3373 1147 3456 statimque

238 3493 417 3540 memorare
440 3477 557 3556 exitus,
579 3495 661 3559 quos
675 3475 822 3540 Latinius
840 3483 936 3561 atque
951 3474 1071 3561 Opsius
1092 3495 1145 3540 ee·
