2498 4010
196 262 213 317 2
514 269 653 308 CORNELII
666 269 764 309 TAOITI

503 348 511 367 x

198 433 362 512 exutoque
384 426 527 511 Lepido,
551 427 720 492 interfecto
743 425 886 492 Antonio
910 450 952 493 ne
975 427 1108 492 Iulianis

196 531 327 617 quidem
349 533 493 616 partibus
516 532 577 596 nisi
595 531 714 596 Caesar
733 532 800 596 dux
823 532 976 617 reliquus,
1000 532 1106 617 posito

174 636 355 704 striumviri
377 637 507 701 nomine
525 636 692 700 consulem
715 657 749 699 se
771 635 878 700 ferens
902 635 991 701 etad
1014 642 1106 700 tuen-

197 739 271 805 dam
307 740 437 825 plebem
482 739 652 805 tribunicio
691 739 760 803 iure
798 744 1006 822 contentum,
1051 740 1107 804 ubi

195 846 332 910 militem
349 844 617 930 donis‚p0pulum
635 865 772 926 annona,
789 852 921 907 cunctos
937 843 1106 908 dulcedine

196 950 254 1016 otii
277 949 428 1035 pellexit,
462 950 630 1034 insurgere
653 949 822 1032 paulatim,
847 948 956 1011 munia
978 955 1106 1012 senatus

194 1055 439 1138 magistratuum
461 1055 573 1138 legum
595 1054 628 1118 in
652 1074 686 1117 se
709 1052 853 1135 trahere,
878 1052 967 1116 nullo
991 1050 1105 1115 adver-

160 1188 185 1228 ιο
194 1165 295 1242 sante,
320 1181 393 1222 cum
415 1159 606 1223 ferocissimi
622 1179 681 1242 per
697 1158 782 1221 acies
798 1163 853 1220 aut
870 1158 1105 1242 proscriptione

126 1295 128 1300 ·
194 1263 396 1345 cecidissent,
423 1263 523 1326 ceteri
545 1261 712 1343 nobilium,
736 1265 855 1345 quanto
880 1261 950 1345 quis
974 1262 1104 1327 servitio

193 1370 389 1454 promptior,
419 1367 533 1452 opibus
557 1374 589 1430 et
611 1365 788 1431 honoribus
811 1364 1046 1436 extollerentur
1068 1387 1105 1430 ac

193 1473 285 1537 novis
317 1493 359 1535 ex
390 1472 486 1535 rebus
516 1472 602 1534 aucti
633 1476 703 1534 tuta
732 1474 765 1533 et
796 1469 979 1551 praesentia
1009 1491 1104 1554 quam

192 1587 304 1642 vetera
333 1582 366 1641 et
393 1575 574 1661 periculosa
601 1576 744 1640 mallent.
789 1593 894 1658 neque
920 1573 1104 1657 provinciae

158 1706 183 1746 rs
192 1681 283 1744 illum
306 1701 415 1745 rerum
437 1685 557 1743 statum
580 1679 778 1760 abnuebant,
801 1685 951 1762 suspecto
975 1686 1104 1742 senatus

192 1786 369 1870 populique
401 1783 537 1868 imperio
574 1783 615 1846 ob
648 1782 822 1847 certamina
856 1782 1037 1866 potentium
1072 1787 1105 1844 et

191 1888 358 1953 avaritiam
381 1889 642 1972 magistratuum,
673 1885 815 1951 invalido
839 1886 948 1970 legum
972 1885 1103 1968 auxilio,

191 2014 273 2078 quae
303 1995 333 2056 vi
356 1993 494 2075 ambitu,
520 1997 685 2077 postremo
716 1992 853 2076 pecunia
882 1991 1102 2056 turbabantur.

257 2100 286 2160 3.
321 2096 474 2161 Ceterum
506 2094 672 2179 Augustus
710 2096 852 2160 subsidia
891 2096 1104 2162 dominationi

191 2200 362 2265 Claudium
376 2199 565 2264 Marcellum
581 2201 699 2265 sororis
714 2201 815 2265 filium
832 2200 1006 2265 admodum
1023 2201 1101 2265 adu·

189 2307 366 2370 lescentem
382 2303 569 2388 pontificatu
582 2311 614 2367 et
627 2305 728 2368 curuli
740 2303 917 2386 aedilitate,
928 2305 972 2368 M.
983 2304 1101 2390 Agrip-

190 2429 275 2494 pam,
299 2407 475 2490 ignobilem
498 2407 589 2489 loco,
611 2407 733 2472 bonum
754 2408 870 2472 militia
893 2414 925 2474 et
948 2409 1100 2474 victoriae

168 2514 332 2595 ssocium,
356 2510 528 2596 geminatis
551 2512 769 2578 consulatibus
793 2515 919 2597 extulit,
942 2535 1020 2579 mox
1045 2515 1100 2579 de·

188 2617 297 2682 functo
315 2615 469 2680 Marcello
493 2636 652 2700 generum
675 2617 825 2702 sumpsit;
848 2618 1011 2682 Tiberium
1034 2619 1100 2682 Ne·

188 2741 301 2785 ronem
324 2727 356 2783 et
377 2717 548 2783 Claudium
571 2719 714 2784 Drusum
737 2721 903 2805 privignos
926 2721 1100 2806 imperato-

188 2824 244 2887 riis
258 2821 442 2886 nominibus
458 2824 559 2906 auxit,
580 2825 707 2907 integra
723 2828 819 2889 etism
836 2831 904 2889 tum
920 2827 1017 2891 domo
1034 2849 1100 2892 sua.

189 2951 263 2993 nam
286 2928 415 3012 genitos
429 2926 578 3013 Agrippa
594 2929 711 2994 Gaium
734 2950 770 2994 ao
794 2929 930 2995 Lucium
952 2931 985 2994 in
1007 2932 1098 2994 fami-

153 3061 178 3101 10
188 3035 264 3097 liam
288 3032 463 3097 Caesarum
491 3032 665 3097 induxerat
693 3034 831 3098 necdum
855 3036 961 3120 posita
983 3028 1100 3121 puerili

187 3143 357 3224 praetexta
378 3137 539 3221 principes
566 3138 740 3202 iuventutis
756 3139 922 3224 appellari,
947 3139 1097 3205 destinari

186 3244 335 3308 consules
351 3243 458 3326 specie
471 3244 653 3306 recusantis
667 3243 911 3328 flagrantissime
924 3245 1098 3328 cupiverat.

186 3353 222 3412 ut
236 3347 383 3433 Agrippa
397 3347 463 3412 vita
485 3347 654 3429 concessit,
673 3346 809 3412 Lucium
826 3347 999 3412 Caesarem
1021 3370 1099 3413 eun·

187 3456 253 3516 tem
275 3452 315 3515 ad
331 3452 557 3536 Hispaniensis
574 3452 746 3533 exereitus,
768 3453 883 3518 Gaium
901 3459 1100 3517 remeantem
