2482 4014
272 308 274 314 '
326 309 363 347 AB
377 307 502 349 Excussa
515 309 579 350 DIVI
592 310 719 352 AUGUSTI
734 310 837 350 v11-4.
973 307 1030 363 219

186 467 215 528 3.
247 463 293 530 At
321 465 450 530 Iunium
481 464 679 548 Gallionem,
710 465 764 551 qui
794 474 964 532 censuerat
995 475 1030 533 ut

119 569 315 654 praetoriani
347 570 426 633 actis
460 569 628 654 stipendiis
659 571 709 634 ius
741 571 963 656 apiscerentur
996 573 1029 637 in

118 674 378 758 quattuordecim
395 674 560 739 ordinibus
575 674 721 757 sedendi,
744 675 904 740 violenter
925 677 1029 743 incre-

118 777 199 862 puit,
222 778 311 842 velut
327 799 435 844 coram
449 781 603 863 rogitans,
627 779 704 863 quid
718 781 767 844 illi
782 801 854 844 cum
866 781 1030 865 militibus,

118 902 201 966 quos
222 903 327 966 neque
352 883 437 948 dicta
459 905 564 968 neque
587 885 731 969 praemia
747 886 808 950 nisi
829 887 1053 970 imperatorias

118 987 266 1071 accipere
296 1009 354 1073 par
384 997 479 1053 esset.
524 991 706 1074 repperisse
736 989 824 1075 quod
846 990 939 1054 divus
961 991 1031 1055 Au-

116 1098 232 1177 gustus
253 1112 318 1157 non
346 1093 540 1178 providerit:
573 1116 614 1159 an
645 1095 753 1179 potius
782 1094 976 1159 discordiam
999 1103 1032 1160 et

118 1196 312 1261 seditionem
328 1219 348 1260 a
363 1198 502 1262 satellite
521 1197 630 1264 Seiani
646 1199 832 1283 quaesitam,
856 1219 919 1282 qua
933 1199 1031 1263 rudes

116 1300 242 1366 animos
264 1302 395 1366 nomine
412 1300 543 1366 honoris
559 1301 599 1366 ad
616 1302 886 1387 corrumpendum
898 1304 1031 1368 militiae

116 1426 242 1469 morem
256 1404 477 1490 propelleret?
507 1406 570 1470 hoc
581 1405 722 1489 pretium
734 1406 839 1470 Gallio
857 1406 1031 1471 meditatae
1041 1432 1066 1471 ro

116 1509 310 1574 adulationis
322 1508 405 1592 tulit,
417 1510 525 1574 statim
536 1510 632 1591 curia,
645 1509 764 1574 deinde
776 1509 871 1574 Italia
883 1514 1030 1592 exactus,

116 1618 152 1676 et
174 1613 249 1696 quia
270 1613 475 1677 incusabatur
495 1612 590 1678 facile
604 1614 801 1678 toleraturus
818 1614 950 1678 exilium
974 1613 1030 1678 de-

114 1717 202 1781 lecta
223 1716 348 1799 Lesbo,
378 1716 482 1782 insula
510 1716 612 1782 nobili
635 1723 667 1782 et
690 1737 837 1799 amoena,
856 1718 1031 1781 retrahitur

114 1822 148 1884 in
177 1820 291 1885 urbem
320 1821 562 1905 custoditurque
596 1820 744 1886 domibus
775 1821 1029 1906 magistratuum.

115 1924 222 1989 isdem
245 1926 361 1990 litteris
386 1925 505 1995 Caesar
524 1926 670 1992 Sextium
693 1925 914 1990 Paconianum
935 1943 1066 2010 prae-1⁵

114 2030 238 2094 torium
259 2032 397 2116 perculit
420 2051 537 2113 magno
561 2039 689 2116 patrum
711 2029 846 2114 gaudio,
875 2030 1031 2094 audacem

115 2134 307 2218 maleficum,
324 2135 467 2200 omnium
484 2140 608 2201 secreta
619 2136 790 2199 rimantem
806 2133 1030 2217 delectumque

116 2239 156 2302 ab
180 2237 298 2304 Seiano
323 2239 411 2303 cuius
435 2260 497 2324 ope
522 2238 615 2303 dolus
640 2238 722 2303 Gaio
748 2237 880 2302 Caesari
902 2257 1030 2322 parara-

116 2349 178 2407 tur.
219 2342 306 2425 quod
329 2347 499 2427 postquam
523 2342 729 2427 patefactum,
752 2362 929 2426 prorupere
954 2361 1031 2405 con·

116 2452 212 2530 cepta
239 2446 367 2529 pridem
398 2445 473 2510 odia
503 2451 536 2509 et
566 2466 727 2509 summum
758 2445 951 2529 supplicium
975 2445 1067 2509 dtr-20

116 2548 317 2632 cernebatur,
340 2551 374 2613 ni
396 2549 561 2634 professus
584 2549 740 2613 indicium
762 2549 856 2613 foret.

182 2653 212 2716 4.
236 2651 281 2715 Ut
303 2673 381 2717 vero
405 2651 569 2716 Latinium
591 2651 755 2717 Latiarem
783 2652 947 2742 ingressus
971 2660 1031 2736 est,

114 2762 283 2822 accusator
311 2777 348 2821 ac
371 2776 446 2820 reus
468 2756 559 2819 iuxta
580 2755 674 2821 invisi
697 2756 916 2839 gratissimum
940 2779 1031 2843 spec·

114 2861 258 2926 taculum
281 2860 489 2945 praebebant.
534 2859 684 2941 Latiaris,
707 2866 743 2923 ut
765 2861 886 2944 rettuli,
909 2863 1032 2945 praeci·

113 2987 198 3051 puus
231 2966 308 3030 clim
341 2964 614 3030 circumveniendi
641 2965 719 3029 Titii
748 2964 859 3029 Sabini
892 2973 926 3030 et
955 2972 1032 3032 tunc

113 3068 254 3134 luendae
292 3090 418 3154 poenae
456 3070 587 3154 primus.
644 3071 727 3135 inter
761 3091 842 3154 quac
877 3067 1053 3135 Hateriuss

114 3175 262 3259 Agrippa
286 3175 435 3239 consules
457 3175 532 3240 anni
553 3174 670 3259 prioris
693 3174 818 3256 invasit,
844 3195 900 3237 cur
920 3181 1031 3238 mutua

114 3280 319 3345 accusatione
342 3280 466 3344 intenta
488 3301 573 3345 nunc
592 3280 738 3344 silerent:
763 3284 886 3341 metum
900 3299 1031 3362 prorsus

114 3390 149 3450 et
171 3405 277 3450 noxae
294 3384 523 3450 conscientiam
539 3405 598 3469 pro
615 3382 748 3447 foedera
764 3380 891 3465 haberi,
917 3388 950 3445 at
965 3403 1031 3447 non

115 3489 260 3573 patribus
282 3489 448 3555 reticenda
464 3510 545 3574 quae
562 3488 770 3552 audivissent.
801 3485 948 3570 Regulus
963 3509 1030 3552 ma-

820 3585 876 3642 13*
