2444 4010
188 281 189 284 ’
270 283 307 322 ,ss
321 283 447 323 nxonssu
461 283 526 322 nrvr
539 283 668 324 nusnsrr
681 284 716 323 111
729 284 813 322 ao-sa.
943 279 998 336 131

93 441 300 507 Tacfarinatis
325 442 435 508 docuit
449 443 633 528 iudicioque
649 449 775 529 patrum
793 444 1001 529 deligendum

92 567 147 630 pro
172 547 303 610 consule
326 569 463 632 gnarum
485 549 631 628 militiae,
656 569 792 633 corpore
807 549 950 616 validum
969 558 1001 615 et

91 650 174 716 bello
204 651 422 718 suffecturum.
468 653 555 738 quod
578 653 702 718 initium
726 653 802 718 Sex.
824 654 1022 738 Pompeium

90 753 232 840 agitandi
253 754 409 820 adversus
424 756 568 820 Marcum
586 755 748 841 Lepidum
768 755 834 820 odii
855 761 1001 837 nanctus,

90 867 125 922 ut
153 859 339 941 socordem,
372 861 505 946 inopem
534 866 567 926 et
599 861 774 926 maioribus
805 859 1000 926 dedecorum

90 985 193 1050 eoque
218 966 316 1030 etiam
337 964 436 1031 Asiae
467 971 555 1030 sorte
580 965 810 1051 depellendum
833 963 1000 1040 incusavit,

89 1068 225 1134 adverso
250 1076 373 1152 senatu,
397 1069 451 1154 qui
466 1069 628 1154 Lepidum
651 1069 761 1135 mitem
784 1069 886 1154 magis
906 1091 999 1154 quam

88 1173 257 1257 ignavum,
287 1181 437 1260 paternas
460 1175 623 1260 angustias
647 1181 680 1239 et
701 1174 904 1240 nobilitatem
931 1174 1035 1238 sine1⁰

88 1279 207 1364 probro
230 1285 334 1343 actam
357 1280 473 1344 honori
496 1302 591 1365 quam
606 1279 803 1364 ignominiae
818 1279 1001 1344 habendam

89 1382 238 1447 ducebat.
283 1383 381 1466 igitur
409 1385 525 1448 missus
556 1385 590 1447 in
612 1382 725 1447 Asiam
755 1389 789 1447 et
821 1382 862 1447 de
890 1381 1001 1448 Africa

89 1486 257 1550 decretum
279 1493 315 1550 ut
335 1487 454 1552 ansar
475 1489 602 1573 legeret
627 1488 678 1552 cui
701 1486 884 1551 mandanda
906 1487 1000 1551 foret.

154 1591 207 1654 33.
239 1589 329 1655 Inter
358 1613 440 1677 quae
470 1593 608 1658 Severus
638 1591 778 1657 Caecina
807 1593 931 1657 censuit
958 1613 1000 1655 ne

88 1716 185 1780 quem
202 1696 434 1779 magistratum,
454 1697 506 1760 oui
521 1696 687 1781 provincia
704 1694 898 1776 obvenisset,
916 1715 1001 1758 uxor

88 1799 308 1882 comitaretur,
332 1801 468 1865 multum
485 1808 559 1865 ante
573 1801 713 1886 repetito
731 1797 926 1865 concordem
941 1798 1001 1862 sibi

87 1904 272 1988 coniugem,
291 1927 391 1990 seque
411 1907 541 1990 quaein
559 1904 723 1992 publicum
740 1909 897 1969 statueret
912 1903 1001 1969 domi

88 2008 270 2074 servavisse
294 2010 435 2074 cohibita
457 2010 542 2075 intra
557 2011 696 2093 Italiam,
720 2031 912 2096 quamquam
930 2011 1021 2094 ipses

87 2113 191 2198 pluris
221 2133 280 2197 per
311 2114 492 2198 provincias
522 2115 733 2199 quadraginta
763 2113 923 2199 stipendia
946 2134 1001 2177 ex·

88 2217 255 2302 plevisset.
299 2217 388 2282 haud
418 2219 503 2283 enim
534 2219 652 2283 frustra
677 2218 832 2303 placitum
861 2217 939 2281 olim
960 2238 1001 2281 ne

88 2321 230 2386 feminae
244 2321 277 2384 in
293 2323 398 2386 socios
415 2328 470 2386 aut
487 2328 601 2408 gentes
617 2332 767 2388 externas
782 2323 1002 2387 traherentur:

88 2427 196 2491 inesse
233 2427 406 2491 mulierum
443 2427 611 2492 comitatui
648 2447 729 2512 quae
765 2447 880 2511 pacem
912 2426 1001 2508 luxu,

88 2530 213 2595 bellum
236 2530 407 2596 formidine
431 2538 599 2597 morentur
622 2538 655 2596 et
677 2531 863 2596 Romanum
885 2552 1003 2614 agmen
1013 2553 1038 2593 ιο

86 2633 132 2697 ad
147 2633 390 2700 similitudinem
406 2633 534 2698 barbari
549 2635 693 2700 incessus
709 2640 911 2700 convertant.
936 2655 1003 2698 non

88 2737 277 2803 inbecillum
306 2745 431 2803 tantum
461 2747 493 2804 et
521 2741 668 2825 inparem
691 2739 856 2804 laboribus
879 2761 1004 2822 sexum,

90 2843 149 2908 sed
172 2843 200 2908 si
222 2844 353 2909 licentia
371 2844 469 2927 adsit,
493 2867 640 2929 saevum,
664 2846 887 2924 ambitiosum,
909 2851 1002 2930 pote·

90 2949 181 3013 statis
205 2948 351 3031 avidum3
379 2949 531 3014 incedere
554 2951 639 3015 inter
661 2950 796 3030 milites,
819 2950 939 3015 habere
963 2947 1005 3012 ad

89 3074 222 3118 manum
249 3053 470 3136 centuriones3
501 3054 703 3139 praesedisse
725 3074 830 3138 nuper
851 3053 1002 3117 feminam
1013 3072 1038 3112 15

90 3158 248 3224 exercitio
265 3159 456 3242 cohortium,
474 3158 612 3224 decursu
625 3159 802 3244 legionum.
823 3157 1004 3240 cogitarent

90 3260 152 3346 ipsi
184 3262 335 3346 quotiens
365 3263 618 3348 repetundarum
650 3263 749 3347 aliqui
781 3265 1002 3345 arguerentur,

92 3365 184 3448 plura
206 3366 363 3432 uxoribus
386 3367 556 3449 obiectari,
580 3367 630 3431 his
646 3367 753 3432 statim
771 3365 1002 3430 adhaerescere

94 3468 301 3536 deterrimum
330 3492 490 3557 quemque
518 3471 778 3555 provincialium,
810 3467 850 3532 ab
872 3467 923 3532 his
945 3490 1002 3533 ne·
