2444 4010
217 283 273 340 108
546 289 684 330 coaunnn
699 289 797 330 raorrr

181 445 357 531 rsexplicat
380 445 462 510 colle
486 445 587 509 arduo
613 450 646 510 et
661 444 815 531 derupt03
838 467 914 510 nam
931 453 1038 511 cetera
1051 447 1130 512 mari

214 550 395 634 cinguntur.
434 555 546 615 contra
567 549 713 615 veterani
737 550 904 616 ordinibus
927 573 965 616 ac
981 551 1131 616 subsidiis

214 653 377 719 instructi:
406 653 481 718 hinc
510 653 665 736 militum,
695 652 771 719 inde
794 654 941 720 locorum
963 657 1131 741 asperitas,

214 759 273 823 scd
295 778 362 821 non
384 757 526 840 animus,
555 778 621 822 non
644 777 735 841 spes,
762 779 804 823 ne
827 758 893 822 tela
916 758 1046 843 quidem
1071 757 1132 823 nisi

214 863 364 948 agrestia,
387 861 429 926 ad
452 861 593 926 subitum
616 883 710 926 usum
732 868 914 948 properata.
953 869 989 926 ut
1010 883 1132 929 venera
1211 879 1212 882 ’

180 988 205 1027 ao
214 967 247 1031 in
278 987 407 1048 manus,
436 987 502 1031 non
531 966 615 1030 ultra
640 966 823 1031 dubitatum
846 987 941 1051 quam
964 966 1040 1030 dum
1063 966 1132 1031 Ro·
1211 981 1212 984 ’

214 1091 328 1136 manae
358 1069 508 1135 cohortes
536 1069 571 1132 in
593 1089 730 1153 aequum
755 1069 970 1134 eniterentur:
999 1075 1133 1135 vertrmt
1211 1059 1212 1098 ³

214 1181 308 1258 terga
331 1173 448 1240 Oilices
472 1194 572 1258 seque
597 1172 730 1239 castello
756 1174 920 1240 claudunt.

279 1278 331 1342 81.
366 1277 502 1342 Interim
530 1276 606 1342 Piso
642 1278 776 1344 classem
809 1279 897 1344 haud
928 1279 1040 1364 procul
1077 1300 1134 1364 op·
1211 1345 1212 1360 2

213 1383 395 1469 perientem
425 1380 612 1466 adpugnare
641 1382 758 1447 frustra
784 1383 973 1469 temptavit;
1002 1405 1132 1468 regres-
1211 1375 1212 1382 ἶ

214 1506 331 1571 susque
364 1491 397 1550 et
427 1506 485 1571 pro
516 1487 632 1570 muris,
665 1485 762 1551 modo
793 1493 897 1552 semet
925 1486 1132 1571 adflictando,

213 1590 311 1655 modo
335 1590 478 1676 singulos
501 1591 631 1655 nomine
655 1591 743 1656 ciens
765 1591 917 1676 praemiis
936 1590 1133 1657 seditionem

191 1695 394 1780 acceptabat
407 1695 556 1780 adeoque
572 1702 804 1781 commoverat,
826 1702 862 1761 ut
877 1696 1010 1782 signifer
1024 1697 1133 1782 legio·

212 1801 262 1865 nis
286 1804 398 1866 sextae
422 1800 549 1886 signum
572 1799 615 1864 ad
630 1822 706 1866 eum
721 1801 929 1866 transtulerit.
964 1807 1033 1865 tum
1047 1800 1131 1867 Sen-

212 1907 275 1971 tius
305 1926 462 1971 occanere
492 1925 612 1970 cornua
638 1905 794 1989 tubasque
819 1911 851 1970 et
874 1906 942 1991 peti
963 1926 1133 1990 aggerem,

213 2012 295 2096 erigi
318 2010 419 2076 scalas
433 2009 525 2074 iussit
540 2030 577 2073 ac
592 2009 865 2095 promptissimum
884 2030 1132 2094 quemque-suc·

213 2114 347 2196 cedere,
377 2114 457 2180 alios
485 2115 656 2178 tormentis
687 2135 765 2178 saxa
794 2121 827 2179 ct
855 2114 941 2179 faces
968 2113 1132 2197 ingerere.

176 2242 202 2280 10
212 2218 343 2284 tandem
374 2218 460 2282 victa
490 2219 668 2304 pertinenia
695 2217 771 2283 Piso
806 2219 909 2284 oravit
938 2224 974 2283 ut
1002 2217 1132 2283 traditis

212 2322 309 2386 armis
329 2327 476 2386 maneret
490 2321 524 2386 in
540 2322 683 2405 castello,
708 2321 784 2386 dum
802 2321 921 2388 ansar
938 2321 988 2387 oui
1002 2321 1131 2386 Suriam

212 2426 416 2511 permitteret
439 2425 625 2491 consulitur.
663 2449 728 2491 non
752 2433 902 2512 receptae
921 2426 1130 2492 condiciones

211 2552 272 2596 nec
300 2531 388 2596 aliud
417 2552 513 2617 quam
541 2552 641 2596 naves
671 2537 703 2596 et
732 2539 837 2597 tutum
865 2533 899 2597 in
926 2532 1041 2597 urbem
1066 2531 1131 2598 iter

212 2656 413 2702 conoessum.

276 2740 329 2804 82.
359 2739 406 2804 At
420 2739 558 2822 Romae,
581 2744 754 2824 postquam
771 2739 956 2804 Germanici
973 2740 1129 2806 valetudo

210 2844 427 2929 percrebruit,
459 2849 496 2908 ut
524 2865 567 2909 ex
589 2843 786 2928 longinque,
815 2847 909 2907 aucta
930 2843 965 2906 in
988 2842 1130 2908 deterius

212 2947 307 3012 dolor
327 2947 376 3010 ira
398 2947 612 3032 erumpebant
634 2947 668 3011 in
691 2953 833 3032 questus.
877 2947 953 3011 ideo
976 2947 1127 3012 nimirum

210 3054 243 3118 in
272 3059 435 3118 extremas
463 3057 565 3118 terres
593 3053 791 3138 relegatum,
820 3052 895 3116 ideo
918 3051 1031 3116 Pisoni
1052 3072 1127 3136 per·

188 3158 341 3222 amissam
360 3156 574 3242 provinciam3
597 3157 661 3222 hoc
678 3157 783 3242 egisse
799 3163 942 3220 secretos
957 3153 1127 3240 Augustae

212 3283 283 3326 cum
305 3260 461 3326 Plancina
482 3281 659 3325 sermones.
701 3280 778 3324 vera
800 3279 930 3344 prorsus
954 3258 995 3324 de
1017 3258 1125 3324 Druso

212 3365 355 3427 seniores
390 3362 533 3427 locutos:
573 3362 744 3447 displicere
778 3361 989 3446 regnantibus
1021 3361 1127 3427 civilia

211 3465 350 3529 filiorum
371 3466 502 3549 ingenia
523 3487 628 3550 neque
654 3466 695 3531 ob
714 3465 801 3530 aliud
817 3465 1015 3549 interceptos
1030 3486 1126 3550 quam
