2444 4010
255 337 293 378 AB
307 336 433 377 Excussi]
446 337 511 378 mvr
524 335 653 376 AUGUSTI
665 336 689 377 11
703 333 788 376 44-47.
941 329 978 386 87

130 500 181 564 46.
204 497 320 583 Neque
335 496 557 563 Maroboduus
579 496 732 562 iactantia
754 496 803 562 sui
826 501 882 561 aut
902 517 978 581 pro·

74 602 131 666 bris
144 603 177 667 in
190 603 319 668 hostem
332 601 528 684 abstinebat,
539 600 596 666 sed
608 601 852 687 Inguiomerum
863 608 979 666 tenens
1002 581 1019 620 ⁰

73 706 121 772 illo
150 709 182 774 in
209 727 346 792 corpore
369 707 467 772 decus
491 727 586 772 omne
612 706 864 787 Cheruscorum,
892 705 979 769 illius

74 811 204 876 consiliis
220 816 313 897 gesta
328 829 409 896 quae
426 829 582 895 prospere
598 809 772 875 ceciderint
786 811 978 875 testabatur:

74 913 461 981 vaecordevarminium
486 919 520 978 ct
540 935 650 978 rerum
672 915 818 978 nescium
840 914 979 978 alienam

74 1021 200 1104 gloriam
231 1020 265 1084 iu
296 1042 332 1086 se
363 1021 511 1102 trahere,
544 1019 696 1104 quoniam
727 1025 793 1083 tres
824 1017 979 1081 innocuas

74 1125 209 1210 legiones
239 1129 272 1189 et
301 1125 416 1189 ducem
446 1123 567 1189 fraudis
596 1124 742 1207 ignauum
765 1105 899 1208 perfidia
922 1119 979 1184 de··

74 1230 202 1313 ceperit,
233 1249 352 1313 magna
380 1249 453 1293 cum
483 1227 575 1293 clade
601 1226 793 1292 Germaniae
824 1233 856 1291 et
885 1227 978 1310 iguo·

74 1333 163 1398 minis
184 1355 252 1416 sua,
275 1353 348 1397 cum
366 1334 517 1414 coniunx,
541 1353 612 1396 cum
626 1332 710 1395 filius
727 1330 796 1396 eius
812 1329 979 1395 servitium

75 1435 169 1500 adhuc
183 1437 335 1502 tolerent.
366 1442 399 1500 at
414 1457 449 1501 se
465 1434 830 1520 duodecimlegionibus
841 1434 1015 1519 petitumro

75 1537 147 1606 duce¹
162 1541 292 1608 Tiberio
316 1541 486 1606 inlibatam
499 1540 734 1605 Germanorum
757 1540 895 1624 gloriam
913 1559 979 1603 ser·

75 1646 199 1729 rasisse,
215 1667 301 1712 ‘mcx
324 1646 565 1710 condicionibus
581 1646 697 1731 aequis
709 1644 900 1726 discessum;
923 1665 980 1709 ne·

76 1770 129 1833 que
143 1751 308 1834 paenitere
325 1749 411 1835 quod
426 1750 570 1834 ipsorum
585 1750 618 1812 in
634 1771 731 1814 mauu
746 1750 797 1832 sit,
818 1748 979 1832 integrum

76 1852 236 1919 adversum
249 1852 415 1918 Romanos
439 1852 559 1917 bellum
583 1873 624 1917 an
645 1872 760 1936 pacem
778 1853 980 1916 incruentam

76 1957 187 2022 malint.
227 1959 279 2023 his
300 1959 432 2025 vocibus
454 1959 622 2024 instinctos
646 1957 806 2023 exercitus
828 1956 980 2042 propriae
989 1986 1015 2027 15

77 2081 192 2146 quoquc
205 2083 319 2128 causae
329 2061 546 2145 stimulabant,
559 2081 632 2126 cum
641 2082 661 2126 a
671 2061 841 2126 Ohemscis
850 2058 980 2145 Lango-

76 2162 237 2250 bardisque
259 2187 317 2251 pru
342 2157 472 2251 antiquo
491 2165 607 2232 decore
622 2172 678 2231 aut
692 2165 816 2231 recenti
831 2165 982 2230 libertate

78 2275 107 2332 ct
126 2278 233 2337 contra
255 2271 424 2356 augendae
449 2269 661 2337 dominationi
685 2276 871 2335 certaretur.
916 2289 982 2332 non

78 2373 146 2438 alias
180 2377 301 2441 maiore
338 2377 426 2440 mole
465 2396 655 2441 concursum
688 2395 795 2459 neque
830 2373 980 2458 ambiguo

78 2479 169 2563 magis
197 2486 332 2561 eventu,
361 2479 439 2543 fusis
470 2479 630 2563 utrimque
660 2477 784 2543 dextris
814 2478 1016 2558 cornibus3m

79 2582 317 2668 sperabaturque
347 2603 474 2647 rursum
496 2603 622 2668 pugna,
651 2582 685 2647 ni
707 2582 928 2648 Maroboduus
949 2581 981 2645 in

80 2684 167 2752 colles
187 2688 404 2753 subduxisset.
441 2687 475 2752 id
499 2689 626 2772 signum
648 2687 805 2773 perculsi3
830 2694 862 2752 et
879 2694 980 2751 trans·

79 2787 163 2874 fugiis
184 2793 338 2877 paulatim
360 2794 500 2859 nudatus
522 2793 556 2857 iu
574 2793 800 2858 Marcomanos
814 2789 983 2856 concessit

79 2893 215 2982 misitque
246 2897 372 2982 legatos
404 2897 446 2962 ad
475 2896 638 2962 Tiberium
672 2900 819 2961 oraturos
851 2895 981 2960 auxilia.

79 3015 257 3083 responsum
289 3020 356 3063 non
386 3001 456 3065 iure
491 3000 645 3065 adversus
678 3000 861 3065 Cheruscos
893 3021 983 3064 arma
991 3026 1016 3064 aa

78 3098 214 3170 Romana
229 3105 390 3187 invocare,
408 3103 462 3188 qui
472 3104 645 3189 pugnantis
657 3105 690 3168 in
703 3104 842 3169 eundem
853 3103 982 3167 hostem

79 3202 233 3275 Romanos
248 3207 338 3273 nulla
353 3229 414 3294 ope
424 3209 567 3274 iuvisset.
598 3209 714 3273 missus
726 3215 835 3273 tamen
846 3209 981 3287 Drusus,

79 3315 109 3373 ut
128 3314 317 3396 rettulimus,
333 3313 536 3399 pacificator.

135 3418 183 3480 47.
216 3417 342 3483 Eodem
377 3438 461 3484 anno
498 3416 671 3482 duodecim
706 3417 850 3481 celebres
881 3412 981 3480 Asiae

79 3519 165 3585 urbes
194 3522 366 3608 conlapsae
394 3527 552 3587 nocturno
578 3527 670 3585 motu
692 3527 816 3610 terrac,
847 3539 909 3605 quo
932 3520 981 3583 in-
