2444 4010
252 339 289 378 AB
304 338 430 380 Excusso
443 337 509 380 DIVI
522 339 650 380 AUGUSTI
663 340 687 379 11
700 341 786 380 47-51.
939 335 977 392 89

78 489 228 563 Vibidium
251 499 449 581 Varronem,
472 499 609 563 Marium
632 495 978 585 Nepotem,'Appium

76 603 256 689 Appianum,
281 601 467 668 Cornelium
483 603 615 694 Sullam,
638 603 675 679 Q.
692 603 861 669 Vitellium
876 605 978 669 movit
988 629 1012 668 rs

76 715 175 775 senatu
197 715 253 773 eut
275 714 391 792 sponte
416 707 533 774 cedere
557 729 671 793 passus
695 714 753 772 est.

128 814 177 878 le.
207 811 317 877 Isdem
346 812 546 897 temporibus
575 809 671 875 deum
694 810 793 876 aedes
815 815 977 877 vetustate

75 924 119 980 aut
134 918 200 1002 igni
215 916 353 982 abolitos
369 922 565 1000 coeptasque
582 916 621 980 ab
637 913 787 1000 Augusto
805 915 977 999 dedicavit,

73 1019 179 1086 bibero
203 1019 406 1104 Liberaeque
431 1026 464 1084 et
484 1019 595 1084 Cereri
617 1020 710 1084 iuxta
731 1020 851 1084 circum
873 1019 975 1088 maxi-

73 1147 165 1208 mum,
194 1147 290 1211 quam
311 1123 352 1188 A.
375 1125 560 1190 Postumius
585 1122 723 1189 dictator
745 1130 896 1207 voveret,
921 1144 976 1188 eo-

73 1230 199 1315 demque
222 1231 256 1294 in
278 1229 350 1295 loco
375 1230 491 1294 aedem
506 1229 624 1294 Florae
643 1229 683 1293 ab
698 1227 800 1294 Lucio
817 1233 851 1293 et
865 1227 999 1294 Merces

71 1331 215 1399 Publiciis
239 1332 397 1398 aedilibus
420 1335 627 1398 constitutam
651 1341 683 1399 et
705 1333 785 1398 Iano
809 1333 977 1417 templum,

72 1437 149 1522 quod
171 1437 257 1524 apud
280 1437 386 1503 forum
403 1437 592 1502 holitorium
609 1438 644 1503 O.
661 1439 790 1503 Duilius
806 1442 976 1522 struxerat,

71 1543 120 1626 qni
145 1543 265 1628 primus
294 1563 365 1607 rem
387 1541 569 1608 Romanam
593 1563 749 1627 prospere
773 1543 853 1634 mari
876 1542 978 1626 gessit

71 1645 321 1731 triumphumque
344 1647 494 1710 navalem
518 1645 558 1710 de
580 1645 702 1711 Poenis
725 1647 853 1710 meruit.
900 1645 977 1731 Spei

71 1748 160 1814 aedes
192 1771 210 1814 a
245 1749 438 1844 Germanico
474 1755 633 1814 sacratur:
669 1749 751 1815 hanc
784 1748 825 1812 A.
856 1747 976 1813 Atilius
987 1772 1012 1811 ro

70 1861 195 1918 voverat
218 1853 335 1917 eodem
356 1853 455 1918 bello.
825 1929 828 1936 ยน

128 1957 176 2021 50.
212 1955 436 2022 Adolescebat
466 1957 591 2023 interes
624 1957 678 2022 lex
711 1958 898 2023 maiestatis.
944 1965 977 2022 et

70 2057 255 2145 Appuleiam
271 2061 428 2126 Varillam
446 2063 566 2126 sororis
581 2061 725 2147 Augusti
737 2068 880 2148 neptem,
903 2063 979 2147 quia

70 2164 225 2247 probrosis
259 2165 460 2232 sermonibus
495 2164 604 2232 dirum
637 2165 822 2251 Augustum
854 2189 893 2233 ac
923 2167 977 2232 Ti-

71 2267 187 2334 berium
218 2278 251 2336 et
279 2278 414 2337 matrem
444 2271 622 2356 inlusisset,
651 2273 827 2337 maiestatis
853 2272 979 2338 delator

72 2377 255 2442 arcessebat.
298 2375 454 2459 distingui
478 2375 598 2440 Caesar
618 2376 794 2460 postulavit
817 2376 1000 2442 damnari-s

72 2496 136 2560 que,
158 2481 249 2564 siqua
273 2477 313 2544 de
327 2477 478 2564 Augusto
503 2481 692 2564 inreligiose
716 2480 867 2546 dixisset:
891 2481 924 2545 in
943 2502 978 2546 se

72 2579 146 2644 iacta
173 2582 261 2648 nolle
290 2583 333 2647 ad
356 2583 574 2669 cognitionem
597 2584 715 2649 vocari.
760 2585 978 2668 interrogatus

73 2687 259 2770 sconsule,
288 2686 365 2771 quid
396 2687 436 2752 de
466 2688 505 2752 iis
534 2693 682 2752 censeret
705 2708 786 2772 ques
811 2686 852 2752 ds
875 2693 977 2754 matre

73 2788 170 2855 locuta
197 2813 291 2856 secus
318 2800 524 2878 argueretur,
552 2793 697 2874 reticuit3
728 2793 804 2858 dein
826 2796 976 2878 proximo

73 2899 191 2960 senatus
223 2896 277 2961 die
307 2895 394 2960 illius
427 2917 558 2981 quoque
587 2897 719 2962 nomine
750 2897 854 2963 oravit
882 2899 1014 2964 necuim

73 2999 161 3064 verba
182 3001 215 3064 in
240 3020 312 3064 eam
335 3021 463 3085 quoquo
484 2998 583 3064 modo
598 2999 709 3065 habita
724 3000 848 3065 crimini
863 3000 978 3066 dorent.

74 3100 274 3190 liberavitque
296 3103 494 3190 Appuleiam
517 3107 591 3190 lege
614 3107 802 3172 maiestatis.

130 3209 180 3273 51.
193 3210 245 3273 De
261 3215 411 3292 praetore
428 3210 462 3274 in
476 3212 585 3274 locum
601 3209 752 3296 Vipstani
769 3209 864 3293 Galli,
882 3230 978 3294 quem

75 3327 151 3374 mors
181 3313 370 3396 abstulerat,
403 3313 609 3398 subrogando
643 3320 806 3379 certamen
835 3311 977 3377 incessit.

77 3412 276 3482 Germanicus
297 3422 393 3503 etque
409 3419 534 3484 Drusus
551 3417 752 3502 (nemetiam
768 3425 836 3481 tum
851 3415 978 3481 Romae

78 3520 171 3602 erant)
186 3521 355 3586 Haterium
368 3521 549 3608 Agrippam
564 3523 779 3608 propinquum
794 3521 979 3588 Germanici
