2444 4010
262 338 300 378 ss
314 338 440 379 excussu
453 339 519 378 nrvr
531 338 660 378 sueusrr
672 329 704 378 iv
718 340 802 380 er-ae.
896 329 898 334 '
932 337 985 394 181

76 499 290 564 Romanitas
313 519 523 585 conposuere.
569 499 712 583 ingentia
734 500 781 564 illi
803 499 905 581 bella,
932 521 1009 564 eir-s

76 603 290 690 pugnationes
311 595 456 685 urbium,
485 603 574 668 fusos
597 608 774 688 captosque
795 623 907 687 reges,
934 607 989 668 aut

75 707 234 793 siquando
273 705 315 772 ad
353 705 478 770 interno
514 711 772 791 praeverterent,
812 705 989 772 discordias
1036 741 1037 746 κ

75 812 244 878 consulum
279 810 449 875 adversum
480 810 641 893 tribunos,
676 811 817 895 agrarias
848 811 988 875 frumen-

74 918 238 1000 tariasque
265 915 373 998 leges,
403 913 507 999 plebis
533 919 566 978 et
590 914 791 999 optimatium
814 915 990 980 certamina

72 1022 178 1086 libero
202 1039 335 1103 egressu
356 1019 593 1096 memorabant:
620 1020 714 1085 nobis
737 1020 769 1084 in
792 1026 862 1084 arto
886 1025 918 1086 et
940 1019 1023 1085 in-1o

74 1125 199 1209 glorius
227 1123 334 1205 labor3
364 1123 497 1187 immota
520 1123 639 1208 quippe
662 1128 718 1188 aut
739 1124 866 1188 modice
888 1124 990 1190 laces-

75 1230 136 1293 sita
159 1249 235 1314 pair,
257 1232 399 1291 maestae
423 1227 511 1292 urbis
534 1249 596 1292 res.
634 1249 701 1292 non
723 1233 832 1295 tamen
848 1230 915 1294 sine
930 1251 991 1294 usu

76 1333 173 1398 fuerit
202 1331 413 1417 introspicere
442 1331 499 1394 ille
526 1331 630 1415 primo
661 1337 795 1417 aspectu
818 1332 918 1417 levia,
948 1355 990 1398 ex

77 1438 147 1523 quis
169 1456 360 1520 magnarum
382 1455 480 1520 saepe
501 1454 610 1498 rerum
632 1441 739 1500 motus
763 1436 918 1502 oriuntur.

142 1543 195 1604 33.
226 1539 311 1604 Nam
340 1545 470 1604 cunctas
499 1539 647 1604 nationes
677 1546 709 1602 et
732 1540 828 1605 urbes
851 1544 991 1626 populus

78 1652 133 1710 ant
160 1645 319 1730 primores
349 1649 404 1707 aut
434 1643 551 1728 singuli
574 1651 708 1727 regunt:
739 1645 865 1710 delecta
888 1645 991 1710 exiis

78 1757 110 1816 et
139 1733 324 1815 consociata
351 1748 399 1813 rei
425 1747 573 1833 publicae
596 1747 700 1812 forma
722 1735 846 1812 laudari
868 1749 992 1814 facilius

79 1877 174 1940 quam
198 1855 327 1920 evenire
350 1853 420 1936 vol,
448 1851 475 1916 si
497 1851 616 1933 evenit,
637 1852 724 1916 haud
747 1851 897 1918 diuturna
920 1874 991 1918 esse

78 1968 196 2046 potest.
234 1960 332 2044 igitur
353 1965 390 2023 ut
413 1958 490 2022 olim
512 1955 608 2041 plebe
631 1955 739 2020 valida
759 1956 823 2038 vel,
847 1976 920 2020 cum
933 1977 1012 2042 pas

78 2075 144 2130 tres
172 2066 348 2150 pollerent,
377 2061 542 2127 noscenda
570 2060 659 2144 vulgi
685 2065 855 2125 naturast
878 2060 993 2145 quibus

79 2169 186 2233 modis
215 2173 435 2253 temperanter
462 2164 637 2231 haberetur
663 2169 856 2249 senatusque
881 2170 913 2228 et
937 2186 993 2251 cp-

80 2273 236 2336 timatium
260 2272 402 2356 ingenia,
425 2270 478 2355 qni
498 2267 640 2332 maxime
656 2267 904 2352 perdidiceront‚
929 2269 993 2334 cal-

79 2377 138 2441 lidi
159 2383 342 2463 temporum
367 2381 400 2440 et
422 2373 584 2459 sopientes
607 2371 831 2455 credebantur,
855 2372 900 2436 sic
917 2394 993 2438 oon·

80 2501 174 2546 verso
197 2487 281 2547 statu
302 2502 408 2565 neque
432 2479 495 2543 alio
517 2498 552 2541 re
573 2475 721 2539 Romans
744 2494 840 2558 quarn
863 2476 889 2539 si
912 2498 1028 2542 unus1o

81 2588 259 2673 imperitet,
288 2587 369 2652 haec
398 2582 542 2668 conquiri
571 2579 718 2659 tradique
741 2578 775 2641 in
796 2599 865 2643 rem
888 2580 994 2660 firerit,

81 2693 155 2778 quia
192 2691 286 2777 pauci
320 2689 492 2776 prudentia
525 2688 664 2750 honesto
696 2682 736 2745 ab
771 2680 1007 2768 deterioribus·

81 2797 173 2861 utilia
193 2795 234 2859 ab
254 2795 360 2860 noxiis
376 2793 570 2872 discernunt,
592 2789 702 2873 plures
717 2785 854 2850 aliorum
870 2788 994 2853 eventis

82 2903 248 2966 docentur.
272 2899 273 2904 ’
294 2904 437 2965 ceterum
467 2903 504 2960 ut
534 2893 719 2980 profutura,
752 2893 798 2955 ita
826 2893 995 2958 minimum

83 3005 305 3072 oblectationis
329 3003 487 3067 adferunt,
520 3018 595 3061 nam
619 2994 698 3058 situs
713 2993 868 3076 gentium,
892 2998 1029 3066 varie-1⁶

80 3118 163 3178 tates
186 3108 397 3194 proeliorum,
427 3104 503 3170 clari
526 3101 645 3166 dueum
666 3099 773 3162 exitus
795 3101 936 3166 retinent
959 3123 996 3165 ac

81 3216 304 3298 redintegrant
325 3210 503 3296 legentium
525 3206 684 3270 animum:
708 3220 767 3265 nos
790 3223 886 3267 saeva
901 3204 996 3286 iusso,

82 3318 250 3384 continuas
273 3317 508 3395 accusationes,
538 3309 670 3373 fallaces
694 3304 866 3390 amicitias,
887 3311 997 3393 perni-

82 3423 165 3488 ciem
193 3421 413 3485 innocentium
444 3423 476 3482 et
506 3413 637 3479 eosdem
669 3407 758 3472 exitu
785 3429 896 3476 causus
920 3435 996 3478 con·

81 3525 261 3610 iungimus,
291 3523 386 3589 obvia
414 3543 522 3587 rerum
550 3518 758 3584 similitudine
781 3522 815 3580 et
838 3518 1030 3584 satietates

134 3636 255 3677 cornelius
267 3637 368 3676 Tacitus.
395 3637 412 3675 Ι.
808 3627 839 3674 11
