2498 4010
327 295 364 333 aa
379 293 503 333 nxcnssu
517 293 580 333 orvr
594 291 721 332 aususrr
734 292 745 330 1
759 291 843 331 cs-va.
1007 287 1042 342 51

131 474 198 517 vox
214 460 246 518 et
268 454 371 518 mutui
393 454 540 518 hortatus
561 454 714 519 iuvabant
729 454 921 518 adversante
939 452 1041 534 unda3
1116 436 1118 440 ¹

130 557 212 622 nihil
227 564 374 620 strenuus
392 558 432 620 ab
453 559 581 641 ignavo,
605 557 732 642 sapiens
748 558 788 620 ab
805 557 886 639 rudi,
910 557 1043 621 consilia

130 683 149 725 a
189 681 264 725 casu
300 660 446 725 differre:
485 661 555 744 pari
595 661 749 725 violentia
785 661 1042 726 involvebantur.

130 763 263 830 tandem
280 763 432 829 Vitellius
450 765 485 829 in
500 765 638 829 editiora
660 767 767 830 enisus
784 765 901 829 eodem
925 786 1042 849 agmen

130 870 293 936 subduxit.
344 876 577 954 pernoctavere
615 870 682 932 sine
724 868 933 949 utensilibus,
974 869 1077 932 sinero

129 975 216 1059 igni,
254 995 370 1058 magna
400 995 473 1058 pars
512 973 599 1037 nudo
633 978 687 1036 aut
719 973 858 1036 mulcato
897 993 1042 1057 corpore,

130 1078 218 1142 haud
233 1079 338 1142 minus
354 1078 552 1141 miserabiles
569 1099 664 1162 quam
681 1098 761 1161 quos
784 1077 886 1142 hostis
908 1077 1042 1140 circum·

130 1183 233 1247 sidet:
257 1182 376 1267 quippe
391 1182 457 1246 illic
476 1184 572 1247 etiam
589 1181 744 1245 honestae
761 1183 873 1246 mortis
888 1202 977 1259 usus,
993 1181 1043 1244 his

130 1286 303 1371 inglorium
334 1286 477 1350 exitium.
522 1287 579 1350 lux
607 1285 751 1349 reddidit
777 1291 911 1368 terram,
944 1307 1042 1371 pene·

129 1396 311 1474 tratumquc
335 1390 376 1453 ad
398 1411 536 1471 amnem,
561 1411 623 1474 quo
641 1389 761 1454 Caesar
785 1391 886 1454 classe
910 1397 1078 1458 conten-25

131 1495 233 1582 derat.
288 1495 445 1577 inpositae
480 1492 556 1557 dein
589 1493 752 1577 legiones,
789 1500 927 1577 vagante
959 1494 1044 1557 fama

128 1600 328 1680 submersas,
352 1619 412 1663 nec
436 1597 517 1675 fides
534 1598 655 1681 salutis,
680 1604 853 1682 antequam
870 1597 1042 1662 Gaesarem

104 1771 108 1784 ,
130 1703 372 1786 exercitumque
396 1701 548 1766 reducem
570 1700 692 1767 videre.

198 1809 249 1870 11.
281 1805 349 1869 Iam
373 1804 558 1887 Stertinius,
583 1805 624 1869 ad
647 1805 871 1890 accipiendum
893 1806 926 1868 in
950 1804 1042 1868 dedi-

129 1911 256 1975 tionem
279 1910 482 1994 Segimerum
508 1909 640 1973 fratrem
664 1909 806 1992 Segestis
836 1910 1043 1994 praemissus,

128 2015 236 2098 ipsum
261 2021 293 2077 et
320 2012 420 2076 filium
450 2013 517 2077 eius
547 2013 580 2076 in
604 2014 767 2078 civitatem
789 2014 947 2078 Ubiorum
970 2035 1043 2099 per-

130 2119 279 2182 duxerat.
332 2117 406 2181 data
438 2119 565 2203 utrique
597 2118 707 2194 venia,
739 2118 833 2183 facile
865 2117 1044 2202 Segimero,

129 2223 332 2287 cunctantius
361 2223 442 2304 filio,
473 2225 549 2307 quia
567 2222 718 2296 Quintilii
739 2222 819 2287 Vari
849 2244 965 2308 corpus
995 2225 1066 2286 in-s

128 2327 246 2392 lusisse
277 2326 452 2392 dicebatur.
498 2333 641 2391 ceterum
670 2327 712 2390 ad
743 2327 923 2413 supplenda
951 2348 1044 2392 exer-

130 2432 213 2521 citus
245 2431 361 2495 damna
390 2439 553 2496 certavere
578 2433 703 2498 Galliae
732 2426 909 2519 Hispaniae
940 2433 1044 2515 Italia,

130 2535 220 2620 quod
244 2536 358 2620 cuique
381 2542 577 2620 promptum,
601 2559 690 2601 arma
706 2558 806 2622 equos
827 2559 942 2601 aurum
965 2536 1044 2600 offe-

129 2646 251 2706 rentes.
290 2661 425 2724 quorum
454 2640 585 2705 laudato
610 2642 717 2706 studio
743 2641 971 2722 Germanicus,
995 2662 1044 2704 ar-

129 2747 192 2810 mis
214 2745 313 2808 modo
338 2752 370 2810 et
399 2746 488 2830 equis
511 2746 553 2809 ad
585 2747 706 2810 bellum
733 2746 885 2829 sumptis,
916 2744 1046 2828 propria
1055 2766 1079 2804 1o

130 2850 270 2935 pecunia
298 2850 435 2913 militem
465 2850 555 2915 iuvit.
600 2856 698 2935 utque
723 2849 823 2914 cladis
855 2848 1044 2913 memoriam

130 2955 230 3018 etiam
255 2953 405 3017 comitate
434 2954 567 3035 leniret,
598 2953 765 3018 circumire
789 2954 930 3036 saucios,
962 2952 1046 3016 facta

130 3057 333 3142 singulorum
348 3056 521 3138 extollere3
549 3058 683 3122 vulnera
705 3057 832 3122 intuens
856 3058 953 3120 alium
977 3076 1044 3139 spe,

132 3162 230 3224 alium
254 3159 368 3243 gloria,
392 3165 521 3223 cunctos
545 3160 698 3244 adloquio
723 3167 755 3224 et
770 3182 846 3224 cura
869 3160 992 3244 sibique
1013 3165 1046 3222 et

134 3264 258 3348 proelio
283 3262 440 3326 firmabat.
608 3321 610 3326 ,
938 3279 939 3286 “
1056 3294 1081 3332 15

199 3368 250 3430 72.
283 3366 425 3430 Decreta
449 3387 487 3431 eo
512 3387 596 3430 anno
620 3368 827 3453 triumphalia
850 3366 988 3450 insignia
1003 3366 1044 3431 A.

137 3470 304 3554 Caecinae,
327 3471 364 3536 L.
387 3471 546 3556 Apronio,
571 3471 607 3536 O.
631 3472 709 3537 Silio
735 3474 776 3536 ob
799 3492 850 3536 res
875 3470 1046 3536 1111111191-
