2444 4010
304 326 341 364 AB
355 325 480 366 EXGESSU
495 326 559 365 DIVI
571 324 699 364 AUGUSTI
712 324 748 364 111
761 323 845 363 cs-si.
975 318 1030 375 149

122 484 289 549 eriminum
310 486 570 571 receptabantur.
601 504 662 548 nec
677 484 780 548 ullum
796 483 873 548 satis
888 482 1029 547 validum

120 590 290 674 imperium
322 590 509 655 coercendis
539 588 752 654 seditionibus
774 588 887 673 populi
908 587 1030 672 flagitia

118 694 284 759 hominum
300 699 335 758 ut
352 694 563 760 caerimonias
579 694 676 758 deum
693 694 906 778 protegentis.
932 692 1030 773 igitur
1040 707 1064 746 10

119 798 272 882 placitum
292 805 328 861 ut
349 798 515 864 mitterent
531 799 678 862 civitates
698 799 766 862 iura
782 802 878 880 atque
894 796 1029 880 legatos.

120 912 152 968 et
175 903 334 988 quaedam
356 902 444 988 quod
467 903 548 968 falso
566 911 803 986 usurpaverant
819 911 934 986 sponte
952 901 1030 964 omi·

118 1029 207 1089 sere,
231 1008 351 1072 multae
369 1009 505 1072 vetustis
528 1006 811 1092 superstitionibus
831 1012 887 1070 aut
907 1004 1029 1068 meritis

117 1113 151 1176 in
174 1112 330 1198 populum
350 1112 534 1178 Romanum
557 1111 711 1177 fidebant.
756 1131 936 1194 magnaque
960 1110 1029 1174 eius

29 1235 33 1243 ·
118 1217 185 1282 diei
207 1221 342 1303 species,
366 1239 429 1303 quo
454 1224 584 1284 senatus
606 1218 764 1280 maiorum
787 1216 953 1298 beneficia,
977 1227 1064 1278 so-15

117 1319 242 1382 ciorum
264 1325 366 1403 pacta,
390 1339 504 1402 regum
528 1319 625 1383 etiam
647 1321 702 1403 qui
725 1328 800 1384 ante
822 1321 889 1384 vim
909 1319 1029 1386 Roma·

117 1443 193 1486 nam
209 1422 376 1486 valuerant
396 1421 526 1488 decreta
543 1423 752 1509 ipsorumque
769 1425 936 1490 numinum
955 1425 1028 1489 reli-

116 1529 233 1611 giones
256 1529 460 1614 introspexit,
483 1528 599 1611 libere,
624 1535 659 1593 ut
682 1528 854 1614 quondam,
879 1530 956 1615 quid
977 1529 1029 1594 fir·

116 1639 222 1696 maret
243 1639 435 1699 mutaretve.

185 1739 236 1802 61.
259 1738 361 1804 Primi
378 1741 521 1804 omnium
535 1740 671 1824 Ephesii
689 1738 798 1804 adiere
815 1746 1030 1802 memorantes

115 1862 194 1923 non,
217 1847 252 1904 ut
266 1841 380 1926 vulgus
396 1841 554 1923 crederet,
577 1842 715 1906 Dianam
731 1852 827 1926 atque
843 1840 1030 1925 Apollinem

115 1944 204 2008 Delo
228 1946 371 2029 genitos:
403 1966 474 2010 esse
497 1945 584 2031 apud
608 1967 641 2010 se
667 1945 871 2010 Cenchreum
893 1964 1029 2025 amnem,

116 2048 226 2112 lucum
242 2048 421 2135 Ortygiam,
445 2049 501 2114 ubi
515 2049 673 2114 Latonam
687 2050 828 2114 edidisse
846 2071 884 2114 ea
899 2048 1030 2113 numina

117 2151 318 2236 deorumque
336 2154 463 2218 monitu
482 2161 642 2218 sacratum
660 2174 783 2218 nemus.
814 2158 909 2237 atque
925 2154 1052 2236 ipsums

116 2255 184 2320 illic
212 2257 400 2341 Apollinem
431 2264 507 2344 post
537 2258 725 2323 interfectos
757 2258 915 2342 Cyclopas
942 2255 1031 2321 Iovis

116 2363 199 2426 iram
222 2362 383 2428 vitavisse.
421 2384 499 2427 mox
521 2362 675 2427 Liberum
698 2369 835 2446 patrem,
857 2360 944 2425 bello
962 2362 1030 2425 vic·

117 2474 233 2547 torem,
265 2467 463 2552 supplicibus
491 2466 711 2551 Amazonum,
745 2489 828 2552 quae
862 2489 951 2531 aram
981 2468 1030 2530 in-

117 2571 280 2654 sederant,
303 2573 479 2656 ignovisse.
524 2580 651 2637 auctam
674 2572 750 2635 hino
773 2592 929 2638 concessu
945 2572 1030 2636 Her·

118 2676 209 2757 culis,
233 2698 305 2740 cum
327 2677 431 2761 Lydia
454 2683 632 2763 poteretur,
657 2677 886 2743 caerimoniam
908 2676 1029 2760 templo
1040 2699 1065 2738 ro

116 2801 224 2864 neque
257 2781 430 2846 Persarum
462 2783 589 2848 dicione
623 2782 824 2848 deminutum
856 2783 921 2864 ius,
956 2788 1030 2866 post

116 2883 327 2968 Macedonas,
351 2886 426 2952 dein
448 2909 508 2952 nos
531 2888 723 2952 servavisse.

186 2991 237 3053 62.
271 2990 418 3055 Proximi
447 2993 507 3056 hos
536 2993 708 3077 Magnetes
741 2992 779 3057 L.
809 2991 968 3076 Scipionis
997 2992 1031 3053 11

115 3093 156 3158 L.
179 3093 289 3158 Sullae
305 3096 488 3160 constitutis
511 3098 707 3182 nitebantur,
732 3117 871 3182 quorum
890 3095 944 3157 ille
961 3093 1030 3156 An·

115 3196 238 3279 tiocho,
261 3197 313 3261 hic
328 3198 515 3266 Mithridate
531 3201 631 3286 pulsis
653 3200 752 3266 fidem
767 3206 862 3284 atque
879 3199 1031 3264 virtutem

54 3333 57 3339 ·
115 3299 307 3383 Magnetum
330 3301 536 3387 decoravere,
559 3306 606 3370 nti
629 3306 756 3370 Dianae
774 3303 1031 3388 Leucophrynae

116 3405 303 3491 perfugium
319 3407 505 3474 inviolabile
521 3410 616 3474 foret.
650 3408 926 3496 Aphrodisienses
942 3415 1051 3492 post-s

116 3511 178 3575 hac
203 3519 236 3575 et
259 3509 516 3579 Stratonicenses
547 3512 713 3578 dictatoris
738 3513 886 3578 Caesaris
910 3513 952 3578 ob
974 3533 1030 3578 ve·
