2498 4010
295 279 333 317 AB
347 277 473 318 Excusso
486 279 550 318 DIVI
564 277 692 318 AUGUSTI
705 279 716 317 1
730 278 813 316 28-31.
970 271 1007 328 23

93 438 190 503 terim
215 439 365 503 comitate
388 437 654 524 permulcendum
677 437 811 501 militem
830 443 1008 517 censerent,

94 542 149 605 alii
173 542 359 607 fortioribus
381 543 535 607 remediis
555 541 735 626 agendum:
759 542 839 605 nibil
861 542 895 607 in
910 542 1007 627 vulgo

94 644 275 726 modicum3
299 650 432 726 terrere,
455 645 488 708 ni
510 651 665 730 paveant3
695 631 751 707 ubi
775 645 1008 729 pertimuerint,

94 750 217 834 inpune
253 749 431 814 contemni:
469 747 545 813 dum
574 750 760 834 superstitio
791 754 922 833 urgeat,
952 749 1008 813 ad·

94 853 244 919 iciendos
261 853 400 919 exduce
423 860 538 919 metus.
583 859 770 939 promptum
788 853 829 917 ad
846 854 1044 940 asperiorem

94 960 263 1044 ingenium
277 959 385 1024 Druso
409 964 493 1023 erat:
517 964 649 1024 vocatos
666 957 864 1022 Vibulenum
883 964 915 1024 et
930 959 1008 1023 Per·

95 1065 248 1130 sennium
277 1063 413 1129 interfici
445 1064 542 1128 iubet.
591 1062 723 1126 tradunt
751 1062 899 1147 plerique
927 1064 1010 1127 intra

95 1169 341 1233 tabernaculum
371 1168 460 1232 ducis
490 1168 640 1248 obrutos,
672 1168 727 1231 alii
759 1188 895 1252 corpora
918 1173 1010 1232 extra

96 1273 220 1338 vallum
243 1274 369 1338 abiecta
393 1275 544 1338 ostentui.

164 1379 215 1443 30.
247 1378 330 1442 Tum
351 1378 537 1462 utquisque
558 1378 749 1462 praecipuus
773 1377 919 1440 turbator
934 1398 1010 1442 con-

95 1480 208 1565 quisiti
237 1488 271 1545 et
294 1502 368 1566 pars
392 1487 484 1545 extra
506 1477 611 1545 castra
640 1481 785 1565 palantes
809 1501 827 1544 a
850 1481 1010 1545 centurio·

95 1584 194 1648 nibus
212 1592 267 1649 aut
288 1586 523 1670 praetoriarum
538 1585 720 1649 cohortium
743 1585 897 1648 militibus
915 1587 1011 1650 oaesi.

96 1689 258 1773 quosdam
286 1689 347 1773 ipsi
377 1689 531 1774 manipuli
559 1689 789 1754 documentum
812 1688 889 1754 fidei
912 1690 1010 1753 tradi-

97 1792 188 1856 dere.
233 1800 368 1857 auxerat
396 1793 534 1857 militum
561 1815 653 1858 auras
675 1799 879 1878 praematura
907 1794 1032 1858 hiemse

97 1896 255 1962 imbribus
280 1898 437 1962 continuis
460 1897 607 1982 adeoque
630 1899 744 1981 saevis,
764 1907 880 1962 utnon
899 1897 1011 1982 egredi

97 2002 256 2084 tentoria,
287 2022 354 2066 non
381 2003 509 2086 gregari
532 2003 615 2066 iuter
639 2023 692 2084 se,
722 2003 778 2065 vix
800 2002 898 2066 tutari
921 2004 1012 2087 signa

97 2111 248 2192 possent,
281 2113 362 2188 quae
393 2105 521 2170 turbine
553 2111 649 2189 atque
680 2106 767 2170 unda
794 2105 1011 2191 raptabantur.

99 2208 238 2273 durabat
269 2215 302 2273 et
330 2208 468 2275 formido
499 2211 647 2274 caelestis
680 2210 763 2276 irae:
802 2232 864 2275 nec
897 2212 1013 2274 frustra

98 2315 255 2378 adversus
276 2313 393 2397 impios
416 2313 592 2378 hebescere
615 2313 737 2396 sidera,
769 2335 864 2378 ruere
887 2321 1046 2399 tempe-1⁰

99 2426 217 2485 states:
244 2440 311 2484 non
334 2419 423 2482 aliud
445 2419 604 2482 malorum
628 2420 845 2483 levamentum
868 2420 1013 2503 quamsi

99 2525 282 2607 linquerent
312 2531 416 2587 castra
444 2521 583 2587 infausta
611 2529 831 2606 temerataque
861 2529 894 2586 et
917 2522 1014 2586 soluti

98 2629 227 2715 piaculo
258 2628 324 2692 suis
347 2627 482 2712 quisque
511 2627 657 2692 hibernis·
680 2625 902 2691 redderentur.
948 2625 1013 2710 pri·

97 2754 190 2797 mum
213 2736 336 2813 octava,
365 2730 441 2796 dein
463 2731 574 2815 quinta
596 2730 732 2795 decuma
759 2731 846 2814 legio
870 2729 1012 2794 rediere:

97 2856 247 2901 nonanus
282 2834 497 2920 opperiendas
528 2835 648 2900 Tiberii
682 2837 835 2921 epistulas
869 2835 1047 2899 clamita-1⁵

98 2946 207 3022 verat,
239 2961 318 3004 mox
341 2938 505 3003 desolatus
533 2939 670 3004 aliorum
694 2919 891 3003 discessione
920 2939 1013 3002 inmi-

98 3050 234 3109 nentem
249 3044 476 3108 necessitatem
492 3050 607 3128 sponte
624 3045 801 3130 praevenit.
840 3051 873 3109 et
887 3045 1014 3109 Drusus

99 3170 167 3213 non
197 3154 386 3232 exspectato
417 3147 598 3231 legatorum
628 3168 795 3232 regressu,
824 3147 898 3232 quia
921 3168 1013 3231 prae-

101 3251 206 3317 sentia
228 3252 306 3315 satis
330 3251 553 3333 consederant,
577 3252 610 3316 in
632 3251 748 3315 urbem
769 3251 875 3316 rediit.

167 3360 220 3422 31.
252 3355 362 3420 Isdem
378 3355 536 3420 decausis
552 3355 764 3420 Germanicae
786 3355 933 3439 legiones
949 3361 1014 3417 tur-

103 3459 210 3543 batae,
234 3467 355 3546 quanto
378 3463 503 3546 plures,
527 3465 617 3524 tanto
642 3459 815 3523 violentius
842 3467 875 3524 et
898 3480 1014 3544 magna
