2444 4010
264 319 302 358 aa
316 316 441 358 excussu
455 318 520 357 nrvr
532 317 661 358 suanam
674 317 709 356 111
723 317 807 357 rc-ra
937 311 994 368 123

86 476 119 541 id
134 497 213 561 ergo
229 474 276 539 fas
292 473 392 559 aviae,
415 475 666 540 interfectricem
684 476 812 561 nepotis
827 474 995 561 adspicere

87 580 218 664 adloqui
230 578 357 664 eripere
370 579 506 644 senatui.
534 579 622 664 quod
637 600 695 664 pro
713 580 861 645 omnibns
875 580 996 645 civibus

85 686 175 770 leges
200 684 383 766 obtineant,
414 683 470 748 uni
494 685 688 751 Germanico
717 705 784 748 non
811 683 1030 768 contigissem

86 789 211 854 Vitellii
226 795 258 854 et
268 787 402 854 Veranii
415 808 496 852 voce
513 787 666 854 defletum
683 789 865 871 Gaesarem,
881 789 922 853 ab
937 789 996 853 im-

85 899 234 978 peratore
251 897 285 956 et
297 889 449 974 Augusta
463 891 630 958 defensam
639 893 835 958 Plancinam.
860 891 997 978 proinde

85 1019 211 1064 venena
233 1001 266 1062 et
288 1003 375 1062 artes
397 1001 464 1060 tam
483 997 622 1063 feliciter
637 1003 788 1083 expertas
805 1001 948 1062 verteret
964 996 997 1060 in

84 1099 314 1187 Agrippinam,
343 1099 376 1164 in
399 1099 519 1164 liberos
548 1102 617 1166 eius
641 1103 869 1187 egregiamque
892 1103 997 1167 aviam

83 1226 121 1270 ac
152 1211 304 1290 patruum
336 1205 494 1287 sanguine
526 1206 725 1270 miserrimae
757 1205 873 1270 domus
905 1218 1032 1270 exea-1⁵

84 1309 188 1374 tiaret.
238 1305 373 1372 biduum
406 1329 504 1393 super
536 1310 597 1374 hac
631 1309 771 1393 imagine
804 1308 997 1395 cognitionis

84 1413 290 1499 absumptum
318 1421 454 1498 urgente
477 1412 606 1478 Tiberio
636 1412 757 1478 liberos
779 1413 907 1478 Pisonis
930 1432 998 1476 ma-

84 1525 167 1586 trem
189 1518 237 1583 uti
259 1523 436 1584 tuerentur.
471 1524 504 1584 et
525 1539 599 1583 cum
618 1524 822 1582 accusatores
840 1538 878 1582 ac
897 1521 998 1581 testes

85 1623 233 1690 certatim
254 1629 446 1708 perorarent
467 1623 688 1707 respondente
709 1623 811 1704 nullo,
834 1621 997 1688 miseratio

87 1750 181 1814 quam
203 1728 326 1794 invidia
348 1728 536 1812 augebatur.
582 1728 702 1813 primus
732 1726 924 1792 sententiam
945 1743 1033 1788 rom

86 1839 179 1918 gatus
201 1831 357 1897 Aurelius
373 1831 469 1897 Cotta
492 1832 605 1897 consul
628 1831 717 1914 (nam
738 1830 899 1895 referente
916 1827 997 1892 Gae-

86 1957 155 2002 sare
185 1937 391 2021 magistratus
421 1957 460 2000 co
493 1935 589 2000 etiam
610 1955 746 1999 munere
767 1929 997 2017 fungebantur)

87 2061 206 2108 nomen
228 2040 356 2106 Pisonis
379 2039 579 2105 eradendum
599 2038 690 2104 fastis
713 2037 848 2119 censuit,
874 2043 999 2122 partem

89 2143 246 2209 bonorum
278 2144 520 2230 publicandam,
552 2164 626 2229 pars
656 2148 692 2208 ut
722 2143 780 2208 On.
801 2141 911 2205 Pisoni
932 2139 997 2203 filio

88 2248 322 2314 concederetur
342 2249 433 2333 isque
457 2267 656 2333 praenomen
678 2252 832 2329 mutaret3
855 2247 900 2311 M.
922 2245 997 2312 Piso
1011 2270 1036 2310 rs

90 2358 187 2418 exuta
210 2352 367 2437 dignitate
391 2359 424 2416 et
442 2359 575 2438 accepto
599 2352 833 2437 quinquagiens
852 2351 999 2418 sestertio

88 2455 122 2520 in
144 2456 259 2521 decem
281 2477 382 2522 annos
403 2457 622 2542 relegaretur,
652 2477 805 2522 concessa
825 2457 1000 2522 Plancinae

91 2560 311 2626 incolumitate
336 2561 377 2626 ob
400 2581 515 2646 preces
536 2560 717 2644 Augustae.

156 2667 207 2731 18.
239 2665 343 2730 Multa
365 2685 407 2730 ex
428 2665 591 2730 sententia
611 2666 757 2751 mitigata
780 2673 854 2730 sunt
875 2688 894 2731 a
912 2668 999 2752 prin-

92 2771 176 2855 cipe:
201 2791 242 2835 ne
257 2790 376 2833 nomen
391 2769 519 2833 Pisonis
534 2768 623 2834 fastis
639 2768 855 2854 excideretur,
871 2770 999 2855 quando

91 2875 135 2942 M.
164 2874 319 2957 Antonii,
356 2875 413 2960 qui
445 2874 566 2939 bellum
597 2873 721 2959 patriae
753 2875 901 2957 fecisset,
938 2874 1001 2939 Iuli

92 2979 234 3065 Antonii,
258 2980 312 3066 qui
328 2980 461 3045 domum
479 2978 622 3064 Augusti
638 2978 801 3062 violasset,
823 2985 1000 3044 manerent.
1121 2976 1126 2984 “

92 3097 126 3150 et
152 3087 197 3152 M.
220 3085 372 3152 Pisonem
401 3084 598 3170 ignominiae
630 3083 751 3148 exemit
779 3081 1023 3166 concessitques

93 3197 226 3274 paterna
247 3190 349 3273 bona,
379 3189 457 3254 satis
478 3189 605 3270 firmus,
635 3193 671 3251 ut
694 3208 791 3272 saepe
815 3186 1001 3267 memoravi,

93 3295 264 3360 adversum
276 3294 447 3382 pecuniam
463 3301 496 3358 et
507 3299 576 3356 tum
589 3290 715 3376 pudore
727 3290 893 3355 absolutae
904 3289 1001 3353 Plan-

94 3400 186 3464 cinae
201 3399 398 3486 placabilior.
430 3403 527 3482 atque
543 3394 641 3478 idem,
666 3417 739 3460 cum
753 3395 904 3460 Valerius
915 3395 1002 3459 Mes-

95 3503 214 3570 salinus
225 3507 350 3590 signum
364 3523 497 3567 aureum
512 3501 545 3564 in
559 3498 640 3565 aede
650 3498 762 3562 Martis
772 3498 904 3600 Ultoris,
922 3497 1003 3562 an-
