2498 4010
324 315 361 354 nn
375 313 500 353 nxonssn
514 313 578 352 nrvr
591 313 719 354 nususur
731 313 743 351 1
756 313 841 354 es-cs.
997 307 1033 362 49

191 475 242 536 68.
277 472 375 537 Haud
398 473 503 537 minus
532 472 658 557 inquies
683 471 862 535 Germanus
893 471 1034 555 praedae

125 578 276 663 cupidine
315 583 348 641 et
382 577 516 641 diversis
550 575 666 640 ducum
703 575 871 650 sententiis
908 576 1036 660 agebat,

124 682 273 747 Arminio
297 683 439 746 sinerent
461 681 573 764 egredi
593 701 806 765 egressosque
830 701 956 744 rursum
977 701 1036 763 per

124 786 290 852 umidaet
277 786 435 872 tinpedit
436 809 456 850 a
475 785 741 876 circumvenirent
728 784 900 849 suadent
887 789 971 865 te,a
972 791 1036 847 t·ro

127 892 216 956 ciera
241 889 450 975 Inguiomero
482 897 515 955 et
502 891 634 954 tlaeta
662 871 821 972 barbaris,
852 894 888 952 ut
876 871 1058 953 trallums

126 995 223 1058 armis
238 994 413 1058 ambirent:
384 1001 560 1079 ttpromp
561 1015 613 1057 am
629 999 794 1078 expugnat
796 995 913 1074 ionem,
929 993 1037 1077 plures

127 1098 280 1182 captivos,
296 1099 514 1183 incorruptam
529 1097 685 1183 praedam
695 1098 776 1163 fore.
795 1098 894 1183 igitur
905 1104 974 1162 orta
984 1097 1036 1162 die

125 1206 353 1288 prorumpunt,
385 1203 476 1267 fossis
503 1202 637 1267 iniciunt
660 1209 779 1286 crates,
810 1225 934 1266 summa
961 1203 1038 1268 valli

126 1313 295 1392 prensant,
324 1327 396 1370 raro
422 1327 520 1391 super
550 1307 650 1370 milite
675 1313 708 1371 et
730 1308 821 1391 quasi
851 1308 891 1371 ob
915 1313 1037 1371 metum

127 1411 247 1474 defixo.
301 1415 472 1495 postquam
505 1411 640 1476 haesere
681 1411 904 1494 munimentis,
945 1411 1038 1474 datur
1048 1436 1073 1475 ιο

127 1515 313 1581 cohortibus
329 1516 456 1599 signum
473 1537 654 1600 cornuaque
671 1537 708 1579 ac
722 1517 818 1580 tubae
836 1515 1037 1579 concinuere.

126 1619 206 1685 exin
228 1621 367 1683 clamore
392 1625 423 1682 et
446 1620 568 1704 impetu
595 1621 694 1703 tergis
719 1619 956 1683 Germanorum
980 1619 1038 1682 cir-

127 1723 393 1806 cumfunduntur,
428 1724 661 1808 exprobrantes
685 1745 750 1787 non
776 1723 829 1786 hie
852 1722 948 1786 silvas
977 1743 1039 1786 nec

124 1826 281 1914 paludes,
314 1829 371 1892 sed
404 1829 515 1911 aequis
546 1827 625 1890 locis
657 1847 776 1910 aequos
809 1826 898 1890 deos.
953 1825 1039 1889 hosti

125 1933 221 1997 facile
246 1932 408 1996 excidium
432 1937 464 1995 et
482 1953 601 2016 paucos
625 1953 662 1996 ac
685 1952 861 2008 semermos
881 1929 1073 2013 'cogitantirs

126 2058 227 2102 sonus
249 2037 407 2119 tubarum,
432 2037 538 2120 fulgor
560 2057 731 2119 armorum,
754 2043 872 2121 quanto
897 2037 1038 2121 inopina,

125 2147 218 2205 tanto
241 2141 363 2204 maiora
386 2140 556 2204 offundunt
543 2147 604 2223 tur,
629 2139 786 2204 cadebant
773 2145 860 2224 tque,
883 2146 918 2203 ut
941 2140 1038 2203 rebus

125 2243 280 2310 secundis
311 2245 415 2327 avidi,
446 2245 492 2308 ita
522 2244 707 2310 adversis'
699 2246 828 2309 1ncauti.
874 2244 1039 2309 Arminius

124 2352 174 2415 int
176 2371 272 2434 eger,
294 2349 520 2431 Inguiomerus
542 2355 617 2433 post
638 2371 736 2435 grave
759 2352 875 2415 vulnus
897 2371 1039 2436 pugnam

126 2455 321 2519 deseruere:
357 2454 472 2537 vulgus
501 2454 698 2519 trucidatum
720 2461 785 2538 est,
809 2455 913 2519 donec
935 2455 984 2518 ira
1008 2462 1076 2518 etro

126 2560 198 2625 dies
221 2561 406 2644 permansit.
441 2566 535 2624 nocte
556 2559 686 2624 demum
709 2581 858 2625 reversae
881 2560 1039 2643 legiones,

127 2664 274 2749 quamvis
296 2665 368 2748 plus
388 2664 568 2747 uulnerum,
593 2664 706 2728 eadem
731 2672 858 2748 egestas
880 2664 1039 2748 fatigaret,

126 2773 239 2832 tamen
262 2769 432 2832 sanitatem
457 2768 566 2852 copias
588 2768 622 2832 in
645 2767 781 2832 victoria
802 2768 956 2832 habuere.

194 2873 247 2934 69.
279 2871 472 2936 Pervaserat
494 2873 623 2936 interim
647 2873 855 2937 circumventi
879 2873 1040 2936 exercitus

126 2976 215 3041 fama
231 2981 264 3040 et
285 2977 401 3039 infesto
419 2975 653 3040 Germanorum
672 2977 800 3060 agmine
818 2975 939 3040 Gallias
962 2976 1039 3060 peti,

127 3103 166 3146 ac
188 3080 223 3144 ni
245 3079 426 3164 Agrippina
453 3080 627 3165 inpositum
650 3079 766 3145 Rheno
796 3086 929 3165 pontem
958 3080 1040 3143 solvi

128 3183 368 3268 prohibuisset,
406 3189 498 3247 erant
529 3184 582 3268 qui
614 3183 647 3247 id
681 3185 836 3268 flagitium
867 3183 1040 3248 formidine
1091 3227 1095 3238 .

130 3288 298 3353 auderent.
344 3286 402 3352 sed
424 3287 543 3350 femina
565 3288 680 3370 ingens
704 3288 803 3352 animi
825 3287 934 3350 munia
950 3285 1063 3349 ducias

130 3414 190 3478 per
214 3411 270 3456 eos
294 3391 363 3455 dies
391 3388 496 3454 induit
483 3391 825 3476 tmilitibusque,ut
847 3391 917 3474 quis
946 3391 1040 3475 inops

133 3503 189 3560 aut
224 3496 366 3578 saucius,
399 3500 470 3560 vest
471 3516 572 3559 eme
555 3495 765 3559 etfotmena
732 3494 948 3577 tdilargita
981 3501 1039 3558 est.
