2444 4010
224 312 279 368 128
551 319 802 360 coruunurscrrr

222 498 415 562 suarumque
436 478 546 562 legum
562 485 675 543 auctor
690 477 778 543 idem
792 500 830 543 ac
845 480 1027 560 subversor,
1050 499 1131 562 quae

221 581 318 645 armis
340 583 493 646 tuebatur
514 582 611 647 armis
634 582 750 647 amisit.
792 583 879 647 exim
902 583 1053 648 continua
1075 601 1132 668 per

200 685 336 770 vviginti
364 707 465 751 annos
489 685 663 771 discordia,
693 709 760 751 non
781 709 868 768 mos,
891 709 957 752 non
979 687 1044 770 ius3
1078 686 1131 752 de-

221 789 352 855 terrima
371 812 516 876 quaeque
540 792 660 876 inpune
680 813 717 856 ac
739 792 841 856 multa
864 794 1001 857 honesta
1022 792 1132 857 exitio.

221 899 315 958 sexto
347 892 477 958 demum
507 897 679 959 consulatu
708 894 828 960 Caesar
856 894 1042 982 Augustus,
1076 917 1133 982 po-

220 996 343 1060 tentiae
367 1017 517 1081 securus,
547 1020 629 1082 quae
658 998 862 1064 triumviratu
890 1001 1027 1066 iusserat
1056 1002 1134 1067 abo·

221 1099 300 1163 levit
324 1100 477 1186 deditque
501 1102 587 1185 iura,
620 1103 691 1187 quis
723 1125 803 1188 pace
833 1109 865 1168 et
894 1104 1040 1190 principe
1064 1113 1134 1170 ute·
1219 1192 1220 1195 Ἴ

75 1248 77 1252 .
188 1221 212 1260 10
221 1224 339 1268 remur.
384 1206 509 1270 acriora
532 1227 575 1270 ex
597 1228 636 1271 eo
659 1206 781 1289 vincla,
811 1207 904 1272 inditi
926 1209 1082 1274 custodes
1105 1216 1136 1273 et

221 1307 295 1392 lege
322 1309 424 1394 Papia
452 1311 607 1396 Poppaea
634 1311 786 1396 praemiis
815 1309 953 1398 inducti,
983 1318 1035 1395 ut,
1069 1313 1135 1377 sia

221 1413 399 1498 privilegiis
420 1423 590 1499 parentum
614 1420 801 1497 cessaretur,
825 1416 915 1480 velut
932 1437 1051 1500 parcns
1070 1438 1136 1483 orn-
1219 1412 1220 1449 l

221 1517 311 1581 nium
333 1519 473 1604 populus
495 1518 641 1582 vacantia
663 1524 799 1584 teneret.
838 1516 896 1583 sed
918 1518 1014 1583 altius
1033 1541 1135 1604 pene·
1219 1512 1220 1537 ³

222 1621 350 1686 trabant
379 1621 557 1707 urbemque
590 1632 623 1686 et
653 1621 781 1686 Italiam
813 1629 846 1686 et
880 1621 967 1706 quod
997 1644 1136 1708 usquam

187 1747 213 1786 15
222 1725 339 1789 civium
369 1725 590 1811 corripuerant
619 1726 857 1810 multorumque
888 1726 989 1790 excisi
1021 1734 1136 1792 status.

222 1838 255 1894 et
277 1835 382 1894 terror
405 1830 554 1894 omnibus
576 1830 810 1912 intentabatur,
842 1829 874 1893 ni
897 1829 1048 1894 Tiberius
1072 1838 1137 1896 sta·

221 1932 343 1998 tuendo
375 1933 521 1998 remedio
554 1934 693 2019 quinque
712 1933 957 2016 consularium,
994 1934 1137 2021 quinque

221 2058 239 2102 c
262 2037 449 2123 praetoriis,
481 2038 620 2104 totidem
650 2045 800 2104 ecetero
825 2045 940 2104 senatu
962 2047 1053 2104 sorte
1078 2041 1137 2105 du·
1218 2021 1219 2074 i

158 2211 160 2218 y
219 2143 337 2224 xissct,
367 2140 454 2227 apud
484 2139 565 2226 q'uos
595 2143 736 2207 exsoluti
758 2143 904 2228 plerique
926 2143 1008 2227 legis
1030 2165 1138 2209 nexus

185 2264 211 2304 so
219 2245 382 2311 modicum
404 2245 437 2308 in
461 2267 614 2331 praesens
636 2247 867 2311 levamentum.

286 2350 339 2413 29.
369 2350 434 2413 Per
456 2349 543 2414 idem
562 2357 690 2435 tempus
705 2351 872 2416 Neronem
888 2373 907 2416 e
925 2351 1035 2416 liberis
1054 2355 1136 2419 Ger-

221 2452 354 2534 manici,
385 2453 450 2517 iarn
478 2453 659 2540 ingressum
686 2454 866 2538 iuventam,
897 2455 1139 2521 commendavit

220 2557 383 2643 patribus,
405 2564 504 2644 utque
528 2579 660 2622 munere
685 2558 877 2644 capessendi
900 2559 1138 2641 vigintiviratus

221 2663 403 2728 solveretur
440 2670 474 2728 et
505 2663 722 2748 quinquennio
756 2663 913 2728 maturius
946 2685 1042 2748 quam
1077 2685 1138 2748 per

200 2771 311 2852 elegea
331 2759 535 2854 quaesturam
552 2775 690 2854 peteret,
713 2790 779 2834 non
795 2769 863 2833 sine
882 2768 982 2832 inrisu
1001 2769 1136 2835 audien·

221 2873 300 2937 tium
332 2873 518 2958 postulavit.
563 2872 799 2958 praetendebat
827 2872 887 2937 sibi
918 2878 1016 2957 atque
1046 2874 1138 2939 fratri

222 2976 352 3042 decreta
376 2975 491 3042 eadem
514 2981 647 3062 petente
662 2974 824 3060 Augusto.
863 2974 921 3041 sed
943 2996 1049 3062 neque
1067 2983 1137 3042 tum

220 3082 318 3147 fuisse
342 3082 555 3147 dubitaverim
587 3081 641 3166 qui
671 3081 740 3146 eius
768 3081 858 3147 modi
880 3101 995 3165 preces
1020 3081 1138 3146 occulti

220 3185 419 3250 inluderent:
453 3206 492 3250 ac
523 3179 633 3250 tamen
664 3185 755 3250 initia
791 3184 911 3271 fastigii
944 3185 1137 3250 Caesaribus

186 3297 312 3358 merant
334 3290 501 3375 magisque
530 3288 564 3354 in
587 3288 689 3354 oculis
711 3296 805 3354 vetus
828 3309 899 3352 mos
924 3294 956 3352 et
978 3289 1137 3375 privignis

223 3414 295 3456 cum
330 3393 444 3457 vitrico
478 3393 584 3458 levior
618 3393 823 3458 necessitudo
857 3415 952 3478 quam
983 3415 1045 3458 avo
1077 3394 1135 3458 ad·

223 3515 351 3559 versum
372 3504 537 3581 nepotem.
572 3496 702 3561 additur
718 3497 923 3583 pontificatus
938 3505 972 3562 et
988 3518 1052 3581 quo
1067 3498 1134 3582 pri-
