2444 4010
283 349 319 388 AB
333 349 461 392 Excusso
474 351 539 390 DIVI
552 351 679 392 AUGUSTI
692 351 723 390 IV
737 352 795 390 4-6.
938 349 993 405 163

81 506 231 590 urbanae,
251 528 369 572 novem
385 508 566 594 praetoriae
583 509 732 574 cohortes
747 509 876 576 Etruria
891 510 992 577 ferme

79 611 277 697 Umbriaque
306 612 451 678 delectae
475 625 530 679 aut
551 622 663 680 vetere
684 614 778 679 Latio
802 620 835 680 et
858 616 992 680 coloniis

80 717 254 801 antiquitus
268 716 434 784 Romanis.
473 729 507 781 at
528 724 606 804 aput
623 718 742 783 idonea
756 720 992 803 provinciarum

79 822 187 886 sociae
210 821 358 886 triremes
382 822 517 907 alaeque
541 827 574 886 et
596 823 717 886 auxilia
740 822 919 888 cohortium
935 845 1027 888 ne-rs

79 946 141 1010 que
171 925 272 989 multo
296 946 388 990 secus
410 927 443 990 in
465 925 505 990 iis
527 919 659 990 virium:
690 925 748 991 sed
770 927 921 1011 persequi
943 929 992 992 in·

78 1035 211 1108 certum,
234 1050 306 1094 cum
330 1050 373 1094 ex
396 1051 455 1093 usu
478 1031 634 1113 temporis
657 1031 719 1093 huc
742 1031 818 1095 illuc
838 1037 992 1113 mearent,

77 1135 252 1218 gliscerent
273 1155 409 1200 numero
434 1140 467 1199 et
490 1133 662 1219 aliquando
687 1135 913 1202 minuerentur.

144 1243 173 1303 6.
212 1238 401 1323 Congruens
438 1237 631 1303 crediderim
664 1258 834 1304 recensere
868 1245 992 1305 ceteras

78 1362 206 1427 quoque
228 1344 276 1408 rei
298 1343 448 1428 publicae
469 1351 588 1428 partes,
611 1342 847 1426 quibusmodis
863 1343 904 1408 ad
921 1365 991 1410 eam

79 1446 165 1510 diem
187 1447 316 1512 habitae
339 1447 411 1529 sint,
426 1448 588 1531 'quoniam
602 1446 733 1511 Tiberio
757 1448 871 1512 mutati
886 1450 918 1513 in
936 1448 991 1513 de-

76 1553 178 1614 terius
201 1551 399 1635 principatus
419 1551 546 1624 initium
568 1551 626 1616 ille
650 1572 752 1615 annus
774 1552 890 1617 attulit.
928 1555 992 1616 iam

77 1655 215 1738 primum
244 1655 373 1740 publica
401 1656 533 1738 negotia
563 1662 595 1720 et
624 1658 822 1740 privatorum
853 1658 1014 1722 maximas

77 1758 164 1843 apud
193 1767 301 1844 patres
328 1759 548 1824 tractabantur
576 1759 776 1843 dabaturque
799 1760 992 1845 primoribus

79 1863 237 1927 disserere
261 1871 293 1928 et
316 1863 348 1927 in
363 1862 582 1928 adulationem
597 1865 706 1948 lapsos
723 1864 894 1930 cohibebat
908 1865 991 1949 ipse3

77 1967 315 2052 mandabatque
332 1968 483 2049 honores,
498 1968 701 2032 nobilitatem
715 1969 882 2051 maiorum,
898 1969 991 2032 clari·

77 2070 222 2135 tudinem
236 2072 379 2153 militiae,
394 2072 544 2136 inlustres
557 2071 646 2135 domi
657 2077 742 2136 artes
755 2073 941 2156 spectanda,
957 2079 992 2136 ut

77 2175 155 2238 satis
178 2181 340 2240 constaret
362 2198 426 2241 non
443 2177 522 2240 alios
538 2177 682 2261 potiores
697 2176 806 2242 firisse.
844 2199 902 2241 sua
917 2198 1025 2240 con-ro

76 2279 209 2362 sulibus,
229 2301 286 2344 sua
301 2281 504 2365 praetoribus
520 2283 661 2368 species3
684 2284 845 2347 minorum
862 2303 990 2367 quoque

77 2385 323 2468 magistratuum
339 2386 481 2450 exercita
493 2393 651 2470 potestas3
667 2390 834 2472 legesque,
851 2388 877 2452 si
891 2388 990 2451 maie·

77 2488 167 2552 statis
179 2490 324 2572 quaestio
338 2489 545 2574 eximeretur,
557 2492 643 2555 bono
657 2492 689 2555 in
700 2514 768 2556 usu.
792 2497 824 2554 at
832 2490 992 2556 frumenta

77 2599 110 2656 et
121 2593 279 2676 pecuniae
293 2595 479 2678 vectigales,
494 2601 602 2660 cetera
615 2594 816 2679 publicorum
830 2597 990 2660 fructuum

78 2697 285 2761 societatibus
301 2698 442 2782 equitum
456 2697 678 2763 Romanorum
693 2701 908 2784 agitabantur.
939 2721 991 2765 res
1002 2726 1028 2764 15

77 2822 150 2864 suas
167 2800 286 2864 Caesar
301 2803 534 2885 spectatissimo
552 2804 676 2887 cuique,
693 2805 883 2888 quibusdam
899 2805 989 2888 igno-

75 2905 115 2968 tis
146 2926 189 2969 ex
218 2905 304 2968 fama
332 2906 506 2971 mandabat
529 2911 692 2993 semelque
716 2908 877 2994 adsumpti
899 2915 989 2973 tene-

75 3009 193 3073 bantur
221 3029 352 3094 prorsus
382 3011 449 3076 sine
477 3011 593 3095 modo,
624 3033 695 3076 cum
718 3013 864 3097 plerique
886 3012 990 3076 isdem

74 3113 213 3197 negotiis
229 3115 479 3179 insenescerent.
510 3115 624 3200 plebes
640 3117 705 3182 acri
720 3116 851 3202 quidem
864 3137 991 3180 annona

74 3217 284 3302 fatigabatur,
313 3219 371 3284 sed
400 3221 490 3284 nulla
518 3222 550 3284 in
580 3242 620 3285 eo
644 3221 739 3305 culpa
764 3241 805 3285 ex
827 3220 1025 3305 principans

75 3323 151 3408 quin
175 3322 399 3388 infecunditati
421 3330 578 3389 terrarum
602 3331 658 3389 aut
681 3326 803 3409 asperis
818 3324 914 3388 maris
932 3325 987 3389 ob·

74 3428 159 3492 viam
183 3427 230 3510 iit,
252 3434 406 3513 quantum
421 3429 584 3515 impendio
602 3430 832 3514 diligentiaque
849 3434 1002 3513 poterat„

75 3538 107 3595 et
129 3552 172 3595 ne
190 3533 377 3615 provinciae
392 3535 484 3598 novis
501 3534 650 3599 oneribus
666 3535 872 3610 turbarentur
887 3542 987 3638 utque
