2444 4010
243 281 298 338 130
573 283 711 323 connum
725 282 823 323 racrrr

241 442 436 534 tribuerunt,
460 448 516 506 aut
537 441 613 523 hos,
638 462 710 505 cum
733 441 796 505 iam
819 441 898 504 nihil
921 443 1080 527 reliquum
1101 453 1145 506 est

243 547 329 634 quod
353 548 492 633 cupiant.
945 619 949 632 .
1214 611 1215 630 ἶ

307 655 358 715 31.
389 651 540 737 Sequitur
561 650 670 714 Tiberi
694 656 842 735 quartus,
870 649 970 714 Drusi
992 650 1146 715 secundus

242 756 443 833 consulatus,
481 755 580 840 patris
617 760 713 839 atque
744 754 801 818 filii
839 755 977 839 collegio
1010 755 1147 840 insignis.

242 861 317 925 anni
339 859 497 945 principio
512 858 659 922 Tiberius
676 858 765 941 quasi
784 857 960 922 firmandae
976 857 1149 922 veletudini
1214 873 1215 938 t

241 966 274 1028 in
298 964 507 1049 Campaniam
539 962 714 1043 concessit,
745 962 877 1046 longam
907 967 939 1025 et
969 961 1148 1027 continuam

221 1068 419 1134 sabssntiam
437 1067 593 1152 paulatim
608 1066 777 1147 meditans,
802 1067 868 1130 sive
879 1063 921 1130 'ut
936 1071 1045 1132 amoto
1061 1074 1149 1151 patre

241 1174 366 1238 Drusus
389 1173 499 1256 munia
516 1171 701 1236 consulatus
717 1171 804 1234 solus
819 1170 980 1254 impleret.
1016 1191 1055 1234 ac
1070 1170 1150 1234 forta

243 1298 342 1362 parva
364 1298 417 1342 res
437 1295 592 1358 magnum
615 1274 657 1340 ad
680 1281 844 1340 certamen
866 1295 1046 1360 progressa
1061 1295 1150 1360 prae-

243 1380 312 1444 buit
332 1380 441 1444 iuveni
462 1380 631 1444 materiem
648 1378 814 1464 apiscendi
829 1379 959 1443 favoris.
990 1378 1152 1443 Domitius

245 1484 385 1549 Corbulo
402 1491 553 1569 praetura
568 1485 696 1548 functus
712 1482 752 1548 de
764 1482 802 1547 L.
813 1483 902 1548 Sulla
918 1483 1020 1548 nobili
1037 1483 1152 1548 iuvene

210 1614 235 1654 ιο
244 1595 376 1675 questus
399 1595 448 1653 cst
470 1586 557 1672 apud
580 1593 739 1668 senatum,
763 1586 850 1672 quod
873 1587 934 1652 sibi
956 1587 1040 1652 inter
1065 1609 1152 1673 spec·

211 1747 216 1754 .
244 1693 349 1758 tacula
380 1692 597 1777 gladiatorum
629 1692 702 1757 loco
734 1713 800 1758 non
840 1691 1044 1757 decessisset.
1098 1712 1151 1777 pro

246 1798 431 1863 Corbulone
454 1804 558 1881 aetas,
590 1798 714 1883 patrius
737 1819 820 1879 mos,
845 1795 952 1861 studia
975 1797 1153 1861 seniorum:

245 1910 356 1969 contra
373 1905 555 1968 Mamercus
575 1901 713 1967 Scaurus
738 1907 770 1965 ct
787 1901 825 1965 L.
841 1900 1015 1965 Arruntius
1039 1900 1155 1985 aliique

244 2008 353 2074 Sullae
382 2007 555 2092 propinqui
582 2007 777 2071 nitebantur.
824 2006 1055 2089 certabantque
1088 2025 1154 2068 ora-

210 2112 386 2177 rationibus
410 2118 442 2176 et
464 2111 727 2175 memorabantur
744 2112 896 2194 exempla
911 2109 1081 2192 maiorum,
1107 2107 1156 2192 qui

243 2216 419 2281 iuventutis
448 2214 697 2279 inreverentiam
727 2215 879 2299 gravibus
903 2213 1042 2279 decretis
1065 2223 1155 2277 nota·

244 2322 381 2402 vissent,
414 2319 517 2385 donec
538 2320 664 2384 Drusus
694 2325 770 2404 apta
800 2319 1020 2404 temperandis
1043 2317 1156 2383 animis

246 2426 410 2506 disseruit3
431 2431 464 2490 st
475 2425 673 2490 satisfactum
684 2424 862 2490 Corbuloni
877 2445 937 2509 per
948 2425 1155 2500 Mamercum,
1213 2479 1214 2486 ,

247 2533 300 2617 qui
323 2537 456 2616 patruus
479 2531 575 2595 simul
596 2552 634 2594 ac
657 2530 788 2594 vitricus
805 2528 913 2594 Sullae
937 2536 971 2594 et
994 2535 1155 2592 oratorum
1213 2597 1214 2600 Ἴ

212 2657 286 2701 acea
307 2640 413 2700 aetate
436 2635 626 2700 uberrimus.
663 2633 751 2698 idem
775 2632 916 2698 Corbulo
941 2633 1081 2718 plurima
1102 2631 1156 2716 'per

246 2740 373 2805 Italiam
402 2739 519 2805 itinera
546 2737 661 2803 fraude
682 2737 867 2822 mancipum
890 2743 923 2802 et
945 2737 1069 2801 incuria
1093 2755 1155 2799 ma·

246 2844 436 2930 gistratuum
458 2844 640 2927 interrupta
663 2848 695 2906 et
717 2842 862 2925 inpervia
881 2839 1077 2906 clamitando
1102 2858 1154 2902 ex·

246 2950 447 3014 secutionem
475 2947 598 3030 negotii
627 2946 732 3010 libens
762 2946 919 3031 suso'epit3
953 2945 1041 3031 quod
1073 2939 1154 3009 haud

247 3053 381 3139 perinde
413 3051 541 3136 publice
557 3049 647 3140 usui
679 3049 825 3114 habitum
857 3071 953 3134 quam
985 3049 1153 3113 exitiosum

154 3241 156 3246 ι
212 3159 366 3239 tumultis,
390 3177 527 3242 quorum
542 3156 575 3219 in
590 3155 761 3240 pecuniam
776 3159 873 3240 atque
892 3154 1010 3218 famam
1028 3153 1153 3218 damna·

247 3265 389 3330 tionibus
412 3269 445 3327 et
467 3265 560 3327 hasta
582 3260 757 3324 saeviebat.

313 3370 366 3431 32.
397 3367 513 3450 Neque
536 3366 637 3429 multo
662 3370 736 3448 post
757 3365 862 3429 missis
884 3364 926 3429 ad
944 3370 1090 3429 senatum
1105 3357 1152 3421 lit·

250 3472 327 3537 teris
364 3469 513 3535 Tiberius
546 3477 669 3534 motam
699 3490 827 3533 rursum
857 3468 1000 3533 Africam
1030 3469 1154 3532 incursu
