2498 4010
320 323 357 362 aa
371 323 497 364 axonssu
510 323 575 364 narr
587 324 716 365 aueusrr
729 327 752 366 11
765 328 849 367 ar-ss.
1009 323 1044 380 Π

124 481 261 546 modum
285 489 419 567 argento
437 484 632 569 supellectili
647 484 799 551 familiae.
838 495 950 552 contra
968 488 1043 554 Gal-

125 588 178 651 lus
207 586 340 652 Asinius
373 589 540 654 disseruit:
577 597 672 654 auctu
702 589 829 676 imperii
861 591 1044 657 adolevisse

125 692 228 756 etiam
260 693 401 779 privatas
434 715 512 778 opes
543 693 642 778 idque
671 715 738 758 non
767 714 905 778 novum,
939 695 996 760 sed
1025 717 1042 762 e

124 797 351 861 vetustissimis
366 798 526 862 moribus:
543 798 639 863 aliam
655 799 740 884 apud
754 799 931 884 Fabricios,
949 801 1044 867 aliam

125 901 212 987 apud
236 902 403 987 Scipiones
434 902 619 988 pecuniam:
650 903 693 968 ad
720 906 969 990 rempublicam
991 923 1077 971 rsa-10

123 1005 218 1089 ferri,
251 1028 315 1092 qua
343 1008 433 1073 tenui
463 1015 616 1091 angustas
646 1009 763 1073 civium
792 1009 923 1093 domos,
953 1020 1042 1095 post-

124 1131 222 1195 quam
253 1131 292 1176 eo
322 1112 581 1197 magnificentiae
604 1113 744 1196 venerit,
774 1113 911 1198 gliscere
935 1114 1043 1197 singu-

122 1214 185 1279 los.
229 1235 335 1300 neque
369 1218 403 1280 in
436 1216 557 1281 familia
589 1223 622 1282 et
653 1224 788 1301 argento
821 1240 968 1304 quaeque
1001 1219 1043 1285 ad

123 1339 217 1383 usum
247 1319 380 1384 nimium
409 1320 530 1406 aliquid
559 1330 614 1386 aut
642 1322 805 1388 modicum
827 1325 888 1389 nisi
912 1346 954 1390 ax
976 1327 1040 1391 for·

123 1430 202 1488 tuna
231 1424 435 1508 possidentis.
481 1425 649 1491 distinctos
678 1432 808 1492 senatus
838 1435 871 1492 et
899 1431 1075 1513 equituma

125 1549 250 1610 census,
273 1547 339 1592 non
361 1529 435 1613 quia
459 1528 577 1594 diversi
600 1537 724 1613 natura,
748 1530 816 1613 sed,
839 1540 875 1595 ut
894 1533 974 1598 locis
991 1555 1041 1597 or-

124 1627 252 1697 dinibus
286 1631 543 1717 dignationibus,
575 1636 728 1701 antistent
760 1635 856 1700 etiam
889 1636 927 1699 iis
957 1657 1040 1721 quae

124 1738 166 1802 ad
188 1737 333 1821 requiem
353 1738 451 1802 animi
466 1743 522 1802 aut
538 1737 758 1804 salubritatem
775 1761 956 1824 corporum,
979 1741 1040 1804 nisi

122 1844 208 1908 forte
233 1841 409 1905 clarissimo
435 1842 550 1926 cuique
567 1843 676 1927 plures
692 1864 793 1923 curas,
816 1844 939 1910 maiora
954 1845 1039 1931 peri·

124 1947 197 2011 cula
221 1945 398 2028 subeunda,
424 1947 650 2012 delenimentis
675 1947 848 2013 carendum
871 1970 954 2014 esse.
993 1949 1073 2014 fa-ro

125 2052 219 2118 cilem
254 2050 426 2116 adsensum
458 2050 553 2115 Gallo
586 2053 644 2117 sub
677 2052 860 2120 nominibus
893 2053 1038 2118 honestis

125 2155 281 2221 confessio
305 2155 459 2220 vitiorum
480 2160 513 2220 et
527 2155 704 2220 similitudo
721 2156 921 2222 audientium
938 2158 1038 2226 dedit.

124 2259 287 2325 adiecerat
310 2264 343 2325 et
357 2259 505 2324 [liberius
524 2280 590 2323 non
606 2259 638 2323 id
654 2265 781 2346 tempus
798 2281 951 2326 censurae
967 2282 1038 2346 nec,

122 2363 228 2450 siquid
251 2366 285 2429 iu
307 2363 450 2429 moribus
472 2364 613 2447 labaret,
646 2364 830 2430 defuturum
855 2365 1038 2450 corrigendi

122 2476 297 2535 auctorem.
1048 2496 1073 2535 as

186 2576 240 2638 34.
272 2573 361 2637 Inter
391 2594 473 2658 quae
500 2573 538 2637 L.
568 2574 645 2639 Piso
673 2573 827 2638 ambitum
857 2574 936 2657 fori,
966 2594 1037 2637 cor·

120 2685 216 2764 rupta
243 2675 379 2759 iudicia,
409 2678 575 2743 saevitiam
606 2682 785 2760 oratorum,
817 2679 1038 2743 accusationes

120 2781 338 2846 minitantium
367 2782 537 2867 increpans
566 2782 654 2847 abire
681 2803 717 2846 ss
746 2789 779 2847 et
807 2781 924 2847 cedere
946 2783 1037 2864 urbe,

119 2888 280 2952 victurum
315 2887 348 2950 in
385 2887 492 2972 aliquo
531 2885 640 2951 abdito
679 2893 713 2952 et
749 2887 926 2971 longinquo
963 2907 1036 2952 rure

120 2991 315 3072 testabatur3
339 2990 434 3054 simul
457 2991 579 3055 curiam
600 2990 814 3074 relinquebat.
856 2994 1058 3054 commotuss

119 3095 279 3176 Tiberius,
303 3113 494 3178 quamquam
518 3094 648 3159 mitibus
670 3095 778 3160 verbis
793 3095 946 3160 Pisonem
962 3113 1035 3178 per·

121 3197 301 3279 mulsisset,
332 3198 531 3283 propinquos
561 3218 688 3282 quoque
711 3199 838 3284 impulit
856 3204 892 3261 ut
915 3198 1036 3263 abeun-

122 3307 186 3365 tem
202 3301 394 3367 auctoritate
409 3300 462 3365 rel
479 3301 628 3386 precibus
645 3308 803 3368 tenerent.
826 3300 915 3367 haud
930 3300 1035 3365 minus

122 3403 213 3469 liberi
238 3403 360 3468 doloris
388 3402 618 3469 documentum
640 3404 729 3469 idem
750 3406 827 3469 Piso
851 3425 929 3469 mox
945 3402 1036 3468 dedit

124 3515 237 3573 vocata
258 3509 291 3572 in
313 3509 363 3572 ius
386 3507 580 3592 Urgulania,
604 3529 700 3593 quam
724 3531 820 3593 supra
841 3509 932 3592 leges
955 3510 1034 3574 ami·
1044 3529 1068 3570 10
