2498 4010
335 296 370 334 ΑΒ
385 295 510 336 Excusso
523 297 588 334 DIVI
601 297 729 336 AUGUSTI
742 297 753 334 I
767 297 851 336 51—56.
995 292 1031 348 39

119 461 153 518 et
186 453 340 518 Claudius
379 460 411 518 et
443 454 653 520 Germanicus
693 456 881 520 adiciuntur.
938 456 1031 520 ludos

116 559 317 642 Augustales
333 563 408 622 tunc
423 559 560 642 primum
575 566 709 643 coeptos
721 560 860 624 turbavit
871 559 1032 624 discordia

117 685 162 728 ex
192 664 364 728 certamine
394 663 595 726 histrionum.
640 663 819 727 indulserat
848 663 877 726 ei
906 663 1029 728 ludicro

115 767 296 852 Augustus,
313 768 389 831 dum
404 768 586 832 Maecenati
603 768 818 852 obtemperat;
838 788 943 852 neque
959 768 1029 851 ipse

116 871 312 936 abhorrebat
334 872 449 936 talibus
474 871 604 953 studiis,
629 878 662 936 ct
685 872 777 938 civile
801 873 931 936 rebatur
953 873 1064 937 mis-10

117 975 185 1039 ceri
207 976 425 1061 voluptatibus
441 975 539 1059 vulgi.
585 976 648 1039 alia
662 963 791 1040 Tiberio
817 998 941 1041 morum
961 977 1028 1041 via:

117 1077 177 1142 sed
209 1079 365 1164 populum
403 1101 462 1164 per
492 1085 541 1143 tot
572 1101 674 1144 annos
704 1081 845 1145 molliter
884 1082 1029 1146 habitum

115 1181 262 1246 nondum
284 1182 425 1247 audebat
447 1183 489 1247 ad
513 1184 643 1248 duriora
665 1191 802 1250 vertere.

184 1287 237 1350 55.
275 1286 382 1350 Druso
422 1286 560 1351 Caesare
594 1287 629 1352 Ο.
657 1288 811 1354 Norbano
845 1290 1029 1355 consulibus

116 1389 302 1454 decernitur
325 1389 516 1456 Germanico
540 1393 720 1477 triumphus
750 1399 900 1458 manente
923 1394 1028 1475 bello;

115 1493 206 1579 quod
222 1515 411 1579 quamquam
434 1495 467 1559 in
483 1501 640 1560 aestatem
664 1518 788 1561 summa
805 1519 865 1582 ope
884 1500 1027 1583 parabat,

114 1598 208 1663 initio
225 1599 309 1663 veris
326 1605 358 1663 et
380 1602 549 1685 repentino
565 1603 606 1668 ,in
623 1601 757 1667 Chattos
772 1625 911 1668 excursu
934 1625 1026 1687 prae-

115 1702 213 1786 cepit.
257 1725 331 1768 nam
360 1725 434 1789 spes
466 1707 640 1771 incesserat
664 1707 819 1772 dissidere
844 1710 972 1773 hostem
995 1710 1049 1773 ins

113 1806 298 1872 Arminium
321 1831 358 1874 ac
376 1810 556 1894 Segestem,
578 1813 737 1897 insignem
759 1818 930 1897 utrumque
952 1834 1028 1897 per·

114 1910 192 1975 fidia
221 1912 254 1975 in
283 1934 343 1976 nos
376 1920 431 1978 aut
462 1915 534 1979 fide.
578 1915 744 1980 Arminius
775 1916 921 1981 turbator
945 1919 1027 1984 Ger-

113 2014 259 2097 maniae,
283 2015 435 2101 Segestes
465 2019 571 2103 parari
593 2019 805 2084 rebellionem
829 2041 926 2106 saepe
949 2022 1028 2086 alias

115 2125 149 2184 et
172 2141 322 2204 supremo
354 2121 522 2200 convivio,
553 2129 627 2208 post
655 2123 742 2206 quod
765 2124 799 2187 in
821 2145 909 2187 arma
937 2125 1027 2208 itum,

113 2224 241 2308 aperuit
273 2223 435 2308 suasitque
464 2225 551 2289 Varo
584 2233 620 2290 ut
652 2248 687 2291 se
720 2233 753 2291 et
782 2227 963 2293 Arminium
995 2236 1028 2293 et
1038 2258 1064 2297 10

114 2333 243 2393 ceteros
265 2349 418 2412 proceres
441 2329 591 2395 vinciret:
621 2331 701 2395 nihil
723 2353 874 2396 ausuram
896 2332 1028 2417 plebem

113 2431 312 2516 principibus
343 2432 459 2497 amotis
489 2438 585 2518 atque
608 2435 669 2519 ipsi
692 2441 821 2520 tempus
844 2436 930 2519 fore,
963 2458 1026 2521 quo

114 2536 249 2602 crimina
275 2541 307 2600 et
330 2537 480 2601 innoxios
504 2538 711 2603 discerneret.
757 2541 816 2604 sed
832 2541 938 2606 Varus
960 2542 1025 2606 fato

114 2648 149 2706 et
170 2641 204 2707 vi
225 2639 353 2706 Armini
383 2642 514 2707 cecidit:
544 2643 698 2728 Segestes
729 2666 922 2729 quamquam
953 2667 1028 2710 con-

113 2765 212 2810 sensu
235 2745 341 2828 gentis
371 2746 406 2809 iu
427 2746 549 2811 bellum
571 2752 691 2811 tractus
715 2747 837 2813 discors
866 2750 1027 2833 manebat,
1037 2782 1063 2820 15

113 2849 217 2913 auctis
239 2849 391 2933 privatim
416 2849 516 2932 odiis,
540 2851 628 2935 quod
651 2851 815 2916 Arminius
837 2853 935 2919 filiam
959 2855 1027 2920 eius

112 2953 167 3016 alii
183 2959 312 3038 pactam
326 2958 497 3038 rapuerat:
520 2975 621 3039 gener
637 2955 758 3020 invisus
781 2957 900 3022 inimici
914 2960 1028 3041 soceri,

112 3079 261 3144 quaeque
286 3059 372 3145 apud
396 3059 573 3124 concordes
596 3059 720 3124 vincula
743 3061 892 3146 caritatis,
915 3064 1027 3128 incita-

112 3170 224 3228 menta
246 3163 365 3227 irarum
388 3163 474 3247 apud
496 3164 640 3228 infensos
663 3170 765 3229 erant.

180 3269 232 3332 56.
271 3267 377 3352 Igitur
415 3267 626 3333 Germanicus
676 3275 827 3353 quattuor
870 3270 1026 3356 legiones,

114 3372 255 3457 quinque
279 3371 483 3435 auxiliarium
507 3371 594 3435 milia
617 3380 650 3437 et
678 3373 901 3437 tumultuarias
925 3380 1027 3440 cater-

114 3495 172 3539 vas
188 3475 422 3540 Germanorum
447 3476 491 3539 cis
506 3475 659 3539 Rhenum
677 3475 851 3540 colentium
869 3476 1027 3545 Caecinae

831 3583 846 3631 3
855 3578 871 3612 S
