2482 4014
319 345 356 384 AB
370 343 495 384 Excusso
509 343 573 383 DIVI
586 343 713 384 AUGUSTI
726 344 757 384 VI
770 344 855 384 35-3'1.
987 339 1044 396 243

203 506 255 567 37.
289 503 335 568 At
356 503 509 567 Vitellius
538 504 676 588 profugo
699 502 866 572 Artabano
898 511 930 569 et
951 505 1045 570 flexis

138 608 179 673 ad
210 630 329 673 novum
359 627 472 691 regem
504 607 708 692 popularium
740 608 869 690 animis,
900 588 1046 676 hdrtatns

137 711 302 777 Tiridaten
330 719 443 797 parata
466 731 651 796 capessere,
680 712 779 776 robur
804 713 970 796 legionum
993 737 1045 780 so·

138 820 324 903 ciorumque
347 818 448 902 ripam
465 816 505 881 ad
524 817 696 902 Euphratis
713 816 809 882 ducit.
841 821 1045 884 sacrificanti-

138 921 213 1004 bus,
237 943 310 986 cum
332 922 385 985 hic
408 941 498 992 more
520 919 669 985 Romano
694 924 923 987 suovetaurilia
946 924 1069 1009 daret‚s

136 1026 192 1092 ille
216 1047 334 1110 equum
356 1026 513 1111 placando
537 1025 622 1088 amni
637 1024 836 1109 adornasset,
858 1029 1046 1094 nuntiavere

137 1133 267 1195 accolae
285 1129 473 1214 Euphraten
489 1130 577 1194 nulla
589 1127 740 1194 imbrium
756 1130 789 1194 vi
806 1135 839 1194 et
856 1131 1047 1215 inmensum,

137 1235 250 1318 attolli,
274 1235 368 1299 simul
391 1232 571 1298 albentibus
592 1233 713 1318 spumis
736 1233 769 1296 in
785 1233 917 1298 modum
935 1235 1046 1303 diade-

137 1339 230 1403 matis
259 1339 386 1402 sinuare
419 1337 528 1420 orbes‚
560 1338 737 1422 auspicium
768 1340 915 1423 prosperi
944 1347 1046 1405 trans-

138 1464 277 1529 gressus.
315 1442 445 1527 quidam
464 1441 609 1506 callidius
628 1442 931 1527 interpretabantur,
955 1446 1047 1512 initia
1058 1465 1084 1504 10

139 1552 270 1612 conatus
286 1545 428 1610 secunda
442 1566 547 1630 neque
564 1545 724 1628 diuturna,
741 1548 815 1631 quia
831 1567 943 1612 eorum
962 1571 1044 1635 quae

137 1658 223 1718 terra
246 1653 378 1717 caelove
407 1649 679 1736 portenderentur
707 1650 825 1714 certior
852 1651 949 1736 fides,
981 1655 1041 1717 flu-

138 1757 260 1820 minum
282 1756 440 1821 instabilis
465 1761 581 1819 natura
608 1755 704 1818 simul
727 1755 913 1821 ostenderet
938 1759 1045 1822 omina

137 1866 339 1946 raperetque.
384 1860 441 1924 sed
465 1866 563 1945 ponte
585 1860 721 1925 navibus
745 1859 860 1926 effecto
883 1863 1047 1927 tramisso-

139 1985 201 2050 que
227 1966 372 2031 exercitu
394 1966 517 2051 primus
540 1963 747 2049 Ornospades
773 1965 881 2031 multis
904 1969 1082 2050 equitumrs

137 2069 265 2136 milibus
288 2070 322 2134 in
344 2069 563 2152 castraverit,
587 2070 662 2133 exul
679 2071 841 2155 quondam
856 2076 889 2134 et
904 2071 1046 2155 Tiberio,

138 2195 211 2239 cum
219 2174 438 2239 Delmaticum
454 2174 576 2239 bellum
589 2173 772 2258 conficeret,
787 2173 875 2239 haud
890 2174 1047 2258 inglorius

137 2279 312 2344 auxiliator
335 2299 439 2363 eoque
463 2277 591 2341 civitate
613 2277 762 2341 Romana
785 2275 937 2358 donatus,
970 2299 1047 2344 mox

138 2383 279 2469 repetita
307 2383 448 2447 amicitia
477 2382 564 2466 regis
588 2382 688 2445 multo
712 2380 799 2466 apud
824 2402 897 2445 eum
920 2383 1045 2448 honore

137 2487 320 2573 praefectus
344 2487 465 2572 campis
488 2489 543 2572 qui
557 2485 721 2571 Euphrate
746 2492 779 2550 et
800 2487 896 2571 Tigre
920 2489 1047 2553 inclutis
1057 2508 1082 2558 2⁰

136 2590 283 2655 amnibus
316 2591 490 2655 circumflui
520 2589 774 2675 Mesopotamiae
806 2610 925 2655 nomen
957 2613 1047 2656 acce·

134 2702 263 2780 perunt.
297 2717 402 2779 neque
425 2696 526 2759 multo
550 2702 623 2778 post
638 2693 791 2759 Sinnaces
814 2700 913 2778 auget
936 2695 1045 2780 copias

136 2804 169 2863 et
193 2799 340 2864 columen
359 2799 498 2884 partium
515 2797 726 2882 Abdagaeses
741 2818 853 2881 gazam
870 2805 902 2862 et
915 2805 1046 2883 paratus

134 2902 244 2986 regios
266 2901 376 2966 adicit.
411 2901 564 2966 Vitellius
589 2906 767 2965 ostentasse
786 2899 935 2965 Romana
958 2922 1047 2965 arma

135 3007 211 3070 satis
239 3011 327 3071 ratus
356 3012 467 3071 monet
488 3004 654 3070 Tiridaten
682 3005 921 3091 primoresque,
951 3005 1081 3089 nunqu

133 3108 282 3175 Phraatis
314 3110 382 3193 avi,
417 3109 527 3198 altoris
561 3109 727 3191 Caesaris,
760 3130 842 3193 quae
875 3109 1044 3194 utrobique

133 3213 284 3299 pulchra,
314 3214 515 3296 meminerit,
542 3214 633 3298 illos,
658 3214 846 3298 obsequium
869 3213 903 3276 in
924 3235 1045 3298 regem,

133 3318 350 3383 reverentiam
365 3319 398 3382 in
413 3339 483 3401 nos,
509 3316 609 3382 decus
626 3318 761 3402 quisque
785 3339 877 3381 suum
895 3321 928 3381 et
947 3317 1045 3383 fidem

134 3421 322 3487 retinerent.
372 3422 461 3487 exim
486 3443 558 3486 cum
581 3422 764 3506 legionibus
792 3423 826 3487 in
848 3421 973 3506 Syriam
995 3444 1046 3488 re-

136 3525 265 3590 meavit.
1052 3549 1078 3589 ao

833 3608 889 3664 14*
