2498 4010
211 274 249 330 32
547 281 685 320 cornuum
699 281 801 344 ruerus

213 439 298 522 giam
330 437 403 501 duci
438 445 546 502 rostro
570 440 718 522 ,gratiam
747 441 902 506 refertis?
940 446 1025 509 hunc
1062 467 1123 530 ego

212 543 359 607 nuntium
381 543 465 628 patri
495 543 580 607 laeta
610 545 715 608 omnia
738 544 808 610 aliis
831 568 849 610 e
873 548 1045 632 provinciis
1069 570 1141 614 au-.

176 633 314 711 asdienti
336 647 458 711 feram?
482 647 583 730 ipsius
602 647 736 729 tirones,
759 648 858 733 ipsius
873 656 1047 716 veteranos
1059 673 1127 717 non

174 777 176 782 ’
211 741 375 835 missione,
398 774 464 820 non
478 752 616 836 pecunia
639 752 788 834 satiatos3
812 753 864 816 hio
880 760 1005 819 tantum
1025 757 1126 820 inter-

210 858 262 921 fici
287 857 530 938 ·centuriones,·
547 856 608 920 eioi
639 857 802 939 tribunos,
837 857 957 922 includi
988 859 1125 944 legatos,

142 1023 144 1030 Α
211 959 331 1024 infecta
353 960 508 1042 sanguine
532 965 636 1023 castra
657 960 787 1024 flumina
808 983 925 1046 meque
948 966 1127 1048 precariam

211 1065 351 1128 animam
371 1064 456 1127 inter
477 1063 620 1130 infensos
644 1063 784 1129 trahere.

278 1170 329 1232 43.
355 1167 420 1232 Cur
436 1168 520 1231 enim
536 1168 638 1252 primo
656 1169 814 1234 contionis
833 1169 885 1234 die
899 1169 1019 1234 ferrum
1033 1172 1125 1252 illud,

211 1273 300 1358 quod
322 1273 446 1357 pectori
469 1272 603 1355 infigere
626 1273 791 1356 parabam,
815 1272 1013 1357 detraxistis,
1034 1297 1051 1339 o
1075 1277 1126 1338 in·

111 1375 115 1382 ’
212 1377 340 1462 providi
368 1375 483 1440 amici?
516 1377 629 1440 melius
652 1383 686 1440 et
715 1379 872 1443 amantius
901 1379 956 1444 ille
978 1381 1033 1463 qui
1055 1381 1125 1464 gla-

212 1482 301 1546 dium
332 1480 500 1546 offerebat.
555 1482 742 1546 cecidissem
779 1487 865 1547 certe
901 1483 1046 1547 nondum
1075 1492 1126 1549 tot

188 1587 405 1671 sflagitiorum
433 1587 591 1652 exercitui
620 1587 784 1666 conscius3
813 1587 975 1670 legissetis
999 1587 1124 1671 ducem,

211 1681 265 1776 qui
287 1711 392 1754 meam
407 1689 536 1775 quidem
554 1695 692 1754 mortem
706 1690 884 1774 inpunitam
900 1692 1028 1773 sineret,
1045 1692 1125 1756 Vari

208 1804 316 1861 tamen
333 1803 366 1861 et
381 1796 477 1860 trium
490 1794 656 1877 legionum
668 1792 886 1858 ulcisceretur.
917 1816 1022 1878 neque
1038 1796 1124 1859 enim

210 1901 244 1964 di
278 1900 383 1963 sinant
400 1937 401 1940 =
416 1906 451 1963 ut
483 1897 658 1980 Belgarum
695 1917 885 1981 quamquam
919 1897 1125 1962 offerentium

210 2002 308 2067 decus
331 2001 417 2065 istud
442 2008 474 2066 et
498 2000 654 2064 claritudo
681 2000 737 2080 sit,
763 2001 950 2066 subvenisse
974 2001 1121 2066 Romano

176 2108 347 2187 ronomini,
379 2105 606 2189 compressisse
640 2104 832 2170 Germaniae
862 2106 1010 2191 populos.
1056 2114 1122 2189 tua,

208 2212 282 2275 dive
304 2209 472 2293 Auguste,
504 2209 593 2274 caelo
621 2218 753 2293 recepta
783 2230 892 2292 mens,
923 2215 996 2294 tua,
1029 2217 1123 2297 pater

208 2315 325 2396 Druse,
349 2315 467 2396 image,
489 2314 536 2376 tui
557 2313 712 2377 memoria
733 2312 838 2377 isdem
859 2314 928 2378 istis
952 2335 1023 2378 cum
1038 2315 1122 2378 mili·

208 2421 310 2496 tibus,
342 2439 423 2503 quos
451 2419 515 2481 iam
543 2417 648 2502 pudor
670 2425 704 2482 et
725 2419 836 2502 ,gloria
866 2420 979 2502 intrat,
1012 2421 1121 2486 eluant

208 2526 291 2588 hano
313 2522 470 2588 maculam
491 2523 618 2606 irasque
635 2522 745 2587 civiles
768 2523 801 2586 in
819 2523 953 2587 exitium
975 2523 1121 2588 hostibus

175 2635 346 2695 avertant.
396 2646 535 2711 rosque,
568 2647 703 2710 quorum
738 2625 801 2689 alia
832 2647 915 2690 nuno
948 2647 1023 2708 ora,
1057 2627 1120 2690 alia

208 2739 341 2818 pectora
364 2739 534 2815 contueor,
567 2733 594 2795 si
615 2733 742 2816 legatos
764 2733 906 2815 senatui,
931 2731 1120 2817 obsequium

208 2838 412 2922 imperatori,
442 2838 468 2900 si
497 2837 574 2900 mihi
603 2837 774 2920 coniugem
797 2842 830 2900 et
852 2836 952 2901 filium
973 2835 1119 2918 redditis,

208 2942 364 3007 discedite
387 2964 407 3006 a
429 2947 578 3007 contactu
601 2963 638 3006 ac
655 2940 789 3005 dividite
811 2939 975 3004 turbidos:
998 2940 1032 3003 id
1054 2946 1119 3004 sta-

207 3047 273 3111 bile
296 3045 338 3109 ad
360 3045 600 3130 paenitentiam,
622 3045 656 3108 id
679 3044 754 3109 fidei
777 3042 1044 3136 vinculumeritf

275 3151 326 3213 44.
359 3149 527 3234 Supplices
563 3148 605 3213 ad
642 3149 723 3213 haec
756 3156 789 3213 et
818 3169 896 3213 vera
930 3151 1119 3233 exprobrari

208 3254 346 3318 fatentes
366 3254 501 3317 orabant
523 3254 652 3338 puniret
667 3251 792 3333 noxios,
815 3252 999 3337 ignosceret
1020 3253 1119 3337 lapsis

209 3364 243 3422 et
259 3357 391 3422 duceret
406 3357 439 3420 in
451 3356 596 3421 hostem:
612 3360 821 3420 revocaretur
831 3356 981 3437 coniunx,
997 3357 1119 3422 rediret

208 3462 373 3546 legionum
396 3462 541 3524 alumnus
570 3481 653 3525 neve
678 3481 773 3544 opses
797 3458 899 3524 Gallis
925 3461 1118 3526 traderetur.
