2444 4010
213 308 268 366 120
542 314 680 354 corcram
693 315 790 354 rnorrr

211 495 326 560 parens
348 475 514 560 legionum
538 497 557 540 a
581 475 760 542 deterrimis
784 479 1016 562 appellaretur3
1047 500 1120 544 con-

210 585 260 644 tra
281 581 316 643 in
340 580 496 665 optimum
519 601 690 665 quemque,
713 582 855 645 maxime
877 582 911 645 in
932 581 1067 646 comites
1089 589 1121 646 et

210 685 330 750 amicos
355 684 538 750 Germanioi
564 686 721 768 saevisse3
750 692 914 770 postremo
937 687 1043 771 ipsum
1066 687 1120 751 de·

176 790 393 856 uvotionibus
425 796 458 854 et
488 811 614 855 veneno
644 791 835 875 peremisse;
868 812 958 855 saera
985 790 1062 856 hinc
1090 798 1123 856 et

210 895 450 960 immolationes
487 895 642 960 nefandas
678 896 778 980 ipsius
809 901 905 980 atque
937 895 1122 976 Plancinae,

210 999 343 1082 petitam
367 1001 463 1064 armis
485 1021 556 1064 rem
578 999 739 1083 publicam
762 1005 861 1084 utque
885 1021 959 1064 reus
979 1001 1031 1085 agi
1047 1023 1121 1086 pos-

211 1109 260 1168 set
283 1103 352 1167 aoie
374 1105 506 1168 victum.

279 1209 328 1272 14.
359 1208 514 1273 Defensio
538 1208 571 1272 in
587 1208 702 1273 ceteris
718 1209 904 1294 trepidavit3
927 1231 1001 1273 nam
1017 1230 1121 1295 neque

211 1310 418 1377 ambitionem
441 1312 613 1378 militarem
636 1334 742 1400 neque
764 1315 962 1399 provinciam
980 1317 1121 1400 pessimo

212 1415 325 1499 cuique
349 1415 534 1500 obnoxiam,
556 1438 598 1481 ne
622 1419 832 1484 contumelias
855 1419 986 1503 quidem
1009 1418 1121 1486 adver-

211 1541 281 1584 sum
305 1521 531 1605 imperatorem
554 1521 683 1585 infitiari
704 1528 847 1606 poterat:
879 1525 983 1587 solum
1005 1525 1122 1589 veneni

189 1627 330 1692 acrimen
358 1627 446 1716 visus
475 1632 525 1692 est
555 1627 702 1711 diluisse,
732 1628 821 1714 quod
849 1650 889 1693 ne
919 1636 1122 1695 accusatores

210 1730 343 1815 quidem
375 1730 453 1795 satis
484 1731 654 1796 firmabant
684 1732 718 1796 in
749 1734 897 1798 convivio
930 1735 1123 1816 Germanioi,

212 1854 284 1898 eum
307 1855 404 1918 super
426 1856 500 1900 eum
515 1834 592 1901 Piso
617 1834 842 1920 discumberet,
865 1837 1001 1903 infectos
1021 1840 1123 1903 mani·

209 1937 270 2002 bus
294 1937 363 2002 eius
384 1938 473 2003 cibos
488 1946 671 2023 arguentes.
708 1941 826 2026 quippe
843 1943 1016 2007 absurdum
1032 1942 1124 2008 vide-

211 2041 305 2106 batur
326 2043 411 2107 inter
433 2043 537 2108 aliena
560 2045 690 2109 servitia
713 2051 745 2109 et
767 2051 817 2110 tot
831 2046 1025 2112 adstantium
1041 2049 1126 2130 visu,

175 2176 200 2216 10
211 2146 282 2229 ipso
303 2146 495 2211 Germanico
526 2168 651 2231 eoram,
679 2147 713 2212 id
741 2170 870 2231 ausum3
902 2151 1127 2237 offerebatque

211 2249 365 2314 familiam
386 2264 462 2315 reus
486 2259 518 2316 et
540 2252 702 2317 ministros
719 2253 758 2318 'in
773 2258 933 2318 tormenta
948 2255 1129 2339 flagitabat.

212 2352 270 2417 sed
293 2352 416 2418 iudices
438 2375 496 2439 per
513 2354 639 2421 diversa
652 2356 861 2440 inplacabiles
878 2366 978 2440 erant,
1004 2358 1129 2425 Caesar

213 2456 254 2520 ob
276 2455 398 2522 bellum
420 2459 604 2542 provinciae
627 2459 771 2542 inlatum,
795 2466 925 2524 senatus
947 2482 1130 2548 numquam

212 2561 288 2626 satis
319 2560 441 2627 credito
471 2563 541 2627 sine
569 2563 682 2628 fraude
708 2563 936 2629 Germanicum
963 2565 1130 2632 interisse.

176 2690 262 2736 aaa
284 2665 485 2750 scripsissent
507 2667 767 2752 expostulantes,
796 2666 883 2752 quod
908 2666 996 2731 haud
1018 2671 1131 2735 minus

210 2767 356 2834 Tiberius
385 2791 481 2854 quam
501 2771 579 2836 Piso
602 2772 753 2837 abnuere.
797 2771 892 2837 simul
912 2775 1025 2858 populi
1051 2782 1129 2841 ante

211 2873 332 2938 curiam
354 2896 451 2940 voces
474 2875 702 2940 audiebantur:
724 2896 790 2940 non
805 2882 1042 2960 temperaturos
1057 2901 1129 2943 ma·

209 2977 315 3061 nibus,
337 2980 364 3044 si
386 2985 513 3064 patrum
536 2983 710 3046 sententias
731 2982 894 3046 evasisset.
933 2982 1129 3070 effigiesque

209 3083 337 3150 Pisonis
359 3089 524 3149 traxerant
546 3085 580 3150 in
603 3084 777 3150 Gemonias
800 3105 837 3149 ac
860 3086 1071 3172 divellebant,
1096 3089 1131 3153 ni

174 3187 298 3254 eoiussu
318 3188 470 3273 principis
485 3195 652 3273 protectae
668 3191 895 3274 repositaeque
911 3189 1027 3256 forant.
1065 3192 1130 3278 igi·

209 3299 261 3356 tur
289 3292 410 3357 inditus
438 3293 572 3358 lecticae
595 3287 636 3360 ¹et
663 3315 683 3357 a
710 3294 838 3359 tribuno
865 3297 1050 3379 praetoriae
1073 3317 1130 3360 co·

210 3396 313 3459 hortis
341 3395 499 3461 deductus
522 3403 586 3479 est,
614 3397 703 3462 vario
726 3419 865 3482 rumore,
896 3405 1004 3464 eustos
1028 3398 1129 3464 saluti

213 3516 254 3559 an
276 3497 389 3560 mortis
412 3506 546 3563 exactor
569 3507 766 3583 sequeretur.
