2502 4004
212 358 267 414 184
552 361 690 401 corrnnn
704 360 803 400 rrerrr

212 519 355 585 cordiam
382 537 494 584 eorum
517 517 657 582 inridere
681 505 777 598 libet,
807 517 861 600 qui
883 517 1046 601 praesenti
1067 539 1120 602 po-

212 623 312 688 tentia
335 623 472 688 credunt
487 622 633 706 extingui
648 641 743 706 posse
762 620 859 685 etiam
874 623 1039 706 sequentis
1054 623 1121 686 aevi

212 729 410 793 memoriam.
454 748 529 792 nam
560 732 671 791 contra
702 725 823 810 punitis
851 726 991 809 ingeniis
1020 727 1122 811 gliscit

177 859 202 898 ro
212 831 385 897 auctoritas
400 851 506 914 neque
521 829 609 894 aliud
625 829 751 894 externi
765 848 861 912 reges
877 835 932 894 aut
944 831 999 914 qui
1012 829 1120 895 eadem

212 935 346 1001 saevitia
367 935 417 998 usi
439 942 513 999 sunt
534 935 596 999 nisi
619 933 760 1000 dedecus
783 934 843 998 sibi
862 940 959 1018 atque
975 934 1038 999 illis
1054 935 1120 1017 glo-

211 1037 292 1104 riam
316 1059 484 1125 peperere.

277 1147 328 1209 36.
361 1143 513 1209 Ceterum
543 1143 746 1226 postulandis
774 1142 838 1206 reis
862 1150 926 1207 tam
958 1144 1122 1208 continuus

212 1269 325 1330 annus,
348 1254 385 1311 ut
406 1247 557 1312 feriarum
580 1247 768 1312 Latinarum
792 1247 905 1312 diebus
928 1249 1123 1333 praefectum

211 1352 299 1416 urbis
320 1351 463 1414 Drusum
492 1334 692 1434 auspicandi
708 1351 812 1434 gratia
840 1350 979 1416 tribunal
1003 1351 1124 1436 ingres·

136 1479 139 1484 ¹
212 1477 283 1519 sum
305 1455 422 1521 adierit
445 1455 637 1539 Calpurnius
660 1454 829 1521 Salvianus
850 1455 884 1519 in
906 1454 1042 1520 Sextum
1057 1457 1123 1520 Ma·

189 1560 308 1624 crium:
341 1559 430 1644 quod
459 1582 478 1625 a
508 1559 646 1625 Caesare
676 1561 782 1645 palam
811 1561 1002 1645 increpitum
1032 1582 1125 1626 causa

212 1663 301 1729 exilii
324 1663 485 1728 Salviano.
525 1664 652 1728 obiecta
674 1664 802 1748 publico
820 1665 986 1750 Cyzicenis
1004 1665 1126 1730 incuria

212 1769 478 1834 caerimoniarum
515 1767 581 1834 divi
617 1767 757 1852 Augusti
795 1767 914 1832 additis
950 1767 1123 1833 violentiae
1225 1821 1226 1858 ,

212 1873 397 1938 criminibus
420 1871 590 1937 adversum
614 1872 700 1936 cives
717 1871 895 1937 Romanos.
933 1877 966 1937 et
988 1872 1124 1936 amisere

211 1977 404 2056 libertatem,
428 1997 523 2060 quam
538 1975 626 2040 bello
642 1973 839 2040 Mithridatis
854 1980 1048 2056 meruerant,
1067 1974 1124 2038 cir·

178 2081 366 2145 mcumsessi
394 2101 455 2144 nec
484 2079 589 2144 minus
618 2100 676 2143 sua
705 2080 885 2144 constantia
915 2099 1011 2164 quam
1034 2099 1124 2163 prce·

212 2183 294 2248 sidio
317 2183 443 2247 Luculli
465 2184 558 2267 pulso
575 2203 663 2267 rege.
701 2190 733 2247 at
748 2182 904 2248 Fonteius
923 2183 1048 2267 Oapito,
1071 2184 1124 2268 qui

213 2311 270 2374 pro
295 2288 426 2353 consule
442 2287 555 2351 Asiam
577 2291 755 2368 curaverat,
778 2286 955 2351 absolvitur
971 2293 1123 2371 conperto
1224 2291 1225 2346 l

212 2393 286 2456 ficta
313 2392 347 2455 in
373 2411 448 2456 eum
470 2391 602 2455 crimina
623 2412 681 2475 per
702 2391 834 2457 Vibium
857 2391 1023 2458 Serenum.
1068 2413 1123 2457 ne·

213 2518 275 2582 que
298 2501 407 2561 tamen
429 2495 462 2558 id
481 2494 601 2560 Sereno
626 2517 744 2579 noxae,
767 2518 874 2581 quem
888 2496 997 2562 odium
1019 2496 1123 2582 publi·

178 2622 285 2666 mcum
313 2600 466 2663 tutiorem
494 2598 642 2663 faciebat.
687 2621 762 2664 nam
790 2605 826 2664 ut
848 2600 919 2684 quis
944 2601 1123 2666 destrictior

212 2710 387 2786 accusator,
404 2703 494 2768 volut
508 2710 745 2768 sacrosanctus:
769 2703 858 2769 leves
872 2705 1033 2789 ignobiles
1049 2725 1123 2790 poe·
1223 2749 1224 2800 ,

211 2808 262 2872 nis
285 2806 525 2872 adficiebantur.
1223 2803 1224 2806 ’

278 2911 329 2974 37.
361 2910 426 2975 Per
447 2908 534 2974 idem
554 2915 681 2994 tempus
697 2910 857 2996 Hispania
871 2912 1006 2976 ulterior
1020 2911 1122 2976 missis

213 3017 254 3082 ad
278 3015 563 3098 senatum-legatis
587 3016 699 3094 oravit,
716 3021 757 3086 ,ut
779 3016 931 3101 exemplo
946 3015 1047 3082 Asiae
1068 3016 1122 3080 de·

213 3123 339 3188 lubrum
369 3119 500 3184 Tiberio
534 3120 691 3204 matrique
724 3120 792 3184 eius
824 3125 1017 3186 exstrueret.
1063 3141 1123 3204 qua
1222 3165 1223 3182 2

214 3226 383 3291 occasione
407 3223 539 3305 Caesar,
566 3223 691 3288 validus
714 3225 832 3310 alioqui
855 3225 1045 3310 spernendis
1068 3226 1122 3290 ho·

192 3329 344 3395 cnoribus
364 3334 397 3392 et
410 3325 673 3411 respondendum
688 3334 775 3392 ratus
791 3329 830 3393 iis
846 3350 984 3414 quorum
996 3349 1121 3394 rumore

213 3434 408 3519 arguebatur
430 3432 463 3496 in
485 3432 695 3497 ambitionem
716 3433 856 3516 flexisse,
879 3435 1012 3498 huiusce
1037 3431 1122 3498 modi

214 3537 392 3602 orationem
422 3536 545 3620 coepit:
576 3536 669 3616 ,scio,
699 3541 806 3618 patres
829 3537 1018 3622 conscripti,
1048 3557 1121 3602 ccu-
1221 3523 1222 3532 ἵ
