2444 4010
264 348 301 386 nn
315 347 439 389 nxonssu
452 349 659 391 nrvnnueusrr
673 351 696 390 11
710 351 795 391 sa-cc.
946 345 983 402 99

80 504 319 572 Rhoemetalces
348 511 515 589 tenuerat3
544 528 609 592 quo
640 506 791 572 defuncto
815 503 983 591 Augustus

80 615 193 692 partem
209 609 449 696 Rhescuporidi
462 612 552 677 fratri
569 612 648 693 eius,
663 616 789 696 partem
804 610 869 674 tilio
886 609 983 696 Cotyi
993 633 1019 672 ro

79 715 224 798 permisit.
268 715 302 779 in
330 715 488 797 divisione
520 738 597 783 arva
628 723 660 782 et
687 716 785 782 urbes
816 723 849 782 et
877 717 982 782 vicina

80 817 202 884 Graecis
237 819 349 904 Cotyi,
387 821 474 907 quod
504 822 661 887 incultum
688 821 786 888 ferox
819 820 982 886 adnexum

79 923 213 989 hostibus
221 923 460 1011 Rhescuporidi
471 926 582 992 cessit:
595 925 803 1011 ipsorumque
814 925 981 1009 ingenium

79 1027 132 1108 (illi
152 1031 231 1094 mite
254 1051 435 1114 amoenum,
457 1032 533 1097 huic
548 1035 643 1095 atrox
658 1028 801 1112 avidum)
818 1029 981 1094 societatis
1049 1069 1053 1078 ·

77 1133 227 1218 inpatiens
238 1142 317 1200 erat.
347 1135 405 1200 sed
416 1136 520 1220 primo
534 1133 671 1198 subdela
681 1132 855 1200 concordia
864 1153 1017 1219 egerens

78 1259 147 1302 mox
161 1239 380 1325 Rhescuporis
397 1239 509 1324 egredi
524 1239 615 1322 fines,
638 1243 766 1303 vertere
782 1239 816 1303 in
832 1259 866 1302 se
884 1238 981 1323 Cotyi

78 1341 145 1406 data
166 1348 198 1408 et
220 1344 382 1408 resistenti
405 1344 472 1410 vim
493 1344 618 1426 facere„
634 1347 821 1409 cunctanter
836 1342 896 1407 sub
910 1339 981 1406 Au·

76 1443 173 1530 gusto,
197 1469 293 1532 quem
316 1455 480 1514 auctorem
496 1449 663 1532 utriusque
678 1447 782 1532 regni,
806 1447 832 1510 si
848 1467 980 1532 sperne-

76 1558 166 1635 retur,
189 1553 352 1619 vindicem
375 1553 552 1618 metuebat.
585 1554 751 1616 enimvero
776 1551 886 1617 audita
909 1573 979 1616 mu·

76 1658 189 1724 tatione
220 1657 373 1743 principis
402 1657 565 1724 inmittere
588 1659 750 1722 latronum
772 1655 897 1740 globos,
921 1675 1016 1720 ex-ro

76 1759 199 1826 cindere
223 1761 365 1844 castella,
389 1781 502 1827 causas
525 1759 623 1825 bello.

135 1866 184 1928 65.
216 1865 306 1930 Nihil
337 1886 438 1949 aeque
463 1865 636 1931 ¹Tiberium
670 1863 801 1929 annium
841 1863 980 1928 habebat

76 1988 164 2052 quam
186 1991 228 2034 ne
251 1972 419 2057 conposita
442 1971 655 2036 turbarentur.
690 1969 805 2055 deligit
819 1970 979 2035 centurio·

75 2093 153 2157 nem,
176 2075 230 2159 qui
250 2077 414 2140 nuntiaret
428 2074 558 2160 regibus
573 2095 615 2139 nc
629 2075 726 2139 amnis
744 2073 978 2163 disceptarent3

76 2177 238 2262 statimque
268 2179 414 2264 aOotyc
444 2180 577 2244 dimissa
606 2185 681 2244 sunt
703 2201 785 2265 quae
808 2184 978 2264 paraverat

75 2281 195 2347 auxilia.
226 2283 448 2378 Rhescuporis
470 2284 545 2349 ficta
566 2284 728 2350 modestia
741 2285 884 2369 postulat
901 2305 1000 2349 eun-o

77 2381 146 2450 dem
171 2387 204 2452 in
231 2388 340 2453 locum
369 2389 523 2454 coiretur:
555 2409 653 2474 posse
682 2389 723 2454 de
752 2391 979 2455 controversiis

75 2490 236 2576 conloquio
250 2479 253 2482 ¹
268 2493 412 2577 transigi.
458 2513 519 2558 nec
548 2493 603 2557 diu
626 2492 807 2558 dubitatum
832 2493 873 2559 de
895 2501 979 2560 tem-

75 2612 146 2674 pore
169 2595 259 2679 loco,
286 2595 360 2662 dein
384 2595 646 2680 condicionibus,
676 2617 748 2662 cum
772 2597 853 2662 alter
875 2597 977 2663 facili·

73 2699 148 2783 tate,
178 2700 260 2766 alter
290 2701 403 2766 fraude
436 2707 551 2766 cuncta
581 2703 665 2767 inter
695 2723 729 2768 se
761 2703 978 2768 concederent

73 2805 322 2892 acciperentque.
358 2806 579 2892 Rhescuporis
595 2807 778 2892 sanciendo,
799 2813 835 2871 ut
852 2808 977 2874 dictita·
988 2829 1015 2870 ro

72 2903 128 2990 bat,
150 2909 276 2976 foederi
293 2912 476 2976 convivium
495 2912 596 2978 adicit
610 2919 775 2999 tractaque
791 2915 825 2979 in
843 2916 978 2981 multam

71 3021 193 3080 noctem
215 3015 339 3081 laetitia
360 3037 419 3102 per
442 3018 556 3101 epulas
579 3037 615 3082 ac
638 3017 848 3082 vinolentiam
871 3019 979 3083 incan-

71 3120 133 3181 tum
149 3119 255 3205 Ootyn
272 3124 315 3203 et,
339 3125 512 3204 postquam
528 3121 639 3186 dolum
654 3121 871 3205 intellexerat,
888 3141 979 3187 sacra

70 3224 166 3308 regni,
190 3225 338 3290 eiusdem
360 3225 500 3290 familiae
518 3225 599 3290 deos
616 3231 649 3290 et
663 3225 834 3312 hospitalis
850 3245 978 3291 mensas

72 3323 281 3393 obtestantem
312 3330 433 3393 catenis
464 3335 588 3394 onerat.
638 3329 860 3414 Thraeciaque
892 3328 980 3394 omni
990 3349 1016 3391 rs

72 3431 186 3510 potitus
208 3434 335 3518 scripsit
358 3434 399 3498 ad
414 3432 579 3499 Tiberium
601 3439 738 3502 structas
760 3433 821 3497 sibi
836 3431 978 3516 insidias,

73 3543 277 3613 praeventum
299 3537 537 3621 insidiatorem
561 3537 661 3602 simul
679 3537 800 3602 bellum
824 3539 980 3604 adversus

785 3636 824 3693 6*
