2498 4010
230 261 266 315 38
566 266 704 306 CORNELII
718 267 815 307 sacrm

229 440 316 483 vere.
362 420 504 503 quietum
526 420 602 484 iude
624 420 695 502 iter,
718 421 884 507 fidensque
901 424 1085 488 recentibus
1102 447 1139 488 ac

229 525 372 610 priorum
395 525 513 589 oblitus
535 525 627 588 miles
650 525 684 588 in
706 525 847 589 hibernis
869 525 1005 592 locatur.

295 630 346 693 52.
378 628 533 694 Nuntiata
573 651 612 694 ea
642 629 805 694 Tiberium
843 631 966 695 laetitia
999 654 1139 716 curaque
1232 663 1233 698 ς

228 733 395 798 adiecere:
428 732 590 816 gaudebat
622 731 809 817 oppressam
840 733 1049 817 seditionem,
1082 737 1140 800 sed

228 839 314 923 quod
346 837 521 921 largiendis
554 837 698 921 pecuniis
736 842 769 901 et
802 837 955 903 missione
988 839 1141 903 festinata
1231 875 1232 929 ,

228 944 372 1006 favorem
386 941 522 1004 militum
538 941 757 1025 quaesivisset,
781 941 897 1006 bellica
913 964 1040 1027 quoque
1059 945 1141 1009 Ger-

208 1045 344 1112 smanioi
366 1045 469 1127 gloria
490 1046 679 1128 angebatur.
717 1046 842 1109 rettulit
864 1054 972 1111 tamen
987 1047 1028 1110 ad
1048 1069 1141 1112 sena·
1228 1027 1232 1105 Ϊ

229 1157 297 1213 tum
328 1149 370 1213 de
400 1149 497 1213 rebus
529 1149 629 1233 gestis
659 1150 823 1233 multaque
856 1149 897 1214 de
920 1152 1038 1215 virtute
1072 1151 1141 1215 eius
1231 1209 1232 1228 ξ

229 1254 434 1336 memorarit,
470 1253 571 1336 magis
608 1253 642 1316 in
674 1253 814 1337 speciem
845 1253 953 1319 verbis
984 1253 1142 1319 adornata
1231 1279 1232 1286 ¹

230 1381 325 1444 quam
346 1364 382 1422 ut
404 1358 531 1442 penitus
555 1357 673 1422 sentire
698 1357 893 1422 crederetur.
934 1357 1141 1442 paucioribus

228 1463 370 1530 Drusum
392 1467 425 1525 et
447 1460 544 1526 finem
561 1459 681 1544 Illyrici
703 1465 810 1523 motus
833 1461 985 1544 laudavit,
1009 1461 1069 1526 sed
1092 1463 1140 1526 in·

194 1594 219 1632 10
228 1567 348 1631 tentior
378 1573 410 1630 et
440 1564 504 1628 fida
534 1565 689 1629 oratione.
736 1570 914 1649 cunctaque
945 1585 1027 1650 quae
1059 1565 1141 1630 Ger-

227 1670 370 1734 manicus
397 1667 593 1750 indulserat,
616 1667 757 1732 servavit
780 1668 878 1732 etiam
900 1669 986 1754 apud
1009 1669 1140 1735 Panno·

228 1776 317 1839 nicos
340 1773 511 1838 exercitus.

294 1881 345 1942 53.
377 1877 503 1941 Eodem
526 1898 609 1942 anno
633 1875 717 1939 Iulia
739 1897 924 1962 supremum
941 1878 1026 1942 diem
1052 1879 1141 1963 obiit,

230 1985 271 2050 ob
294 1981 527 2067 impudicitiam
546 1981 622 2060 olim
637 2003 656 2044 a
673 1986 763 2065 patre
779 1980 928 2066 Augusto
945 1981 1141 2048 Pandateria

228 2088 341 2169 insula,
358 2108 435 2151 mox
449 2086 568 2170 oppido
578 2084 791 2169 Reginorum,
803 2086 857 2169 qui
867 2085 1010 2150 Siculum
1020 2086 1140 2152 fretum

230 2193 395 2273 accolunt,
425 2191 541 2254 clausa.
586 2190 690 2254 fuerat
720 2190 753 2253 in
783 2190 987 2254 matrimonio
1018 2188 1141 2255 Tiberii

207 2295 415 2362 adorantibus
432 2292 514 2357 Gaio
536 2299 569 2357 et
583 2292 684 2358 Lucio
703 2291 894 2356 Caesaribus
910 2299 1139 2379 spreveratque
1235 2315 1236 2326 ¹

228 2405 264 2464 ut
294 2399 456 2483 inparem3
490 2417 551 2460 nec
574 2395 637 2461 alia
659 2403 725 2460 tam
748 2395 861 2460 intima
882 2395 1013 2460 Tiberio
1045 2418 1141 2462 causa

229 2527 285 2569 cur
306 2502 459 2568 Rhodum
488 2501 687 2565 abscederet.
727 2500 900 2585 imperium
922 2500 1058 2586 adeptus
1082 2521 1139 2566 ex-

228 2616 350 2674 torrem
378 2607 531 2672 infamem
562 2611 692 2689 etpost
722 2605 927 2669 interfectum
948 2605 1141 2670 Postumum

227 2713 409 2797 Agrippam
444 2709 546 2773 omnis
576 2711 647 2794 spei
680 2729 817 2793 egenam
853 2710 964 2796 iuopia
994 2732 1031 2775 ac
1060 2710 1140 2775 tabe

194 2819 325 2902 1olonga
340 2814 486 2900 peremit,
504 2813 673 2877 obscuram
687 2814 757 2878 iore
773 2835 888 2879 necem
903 2815 1139 2900 longinquitate

230 2921 319 2987 exilii
339 2924 437 2984 ratus.

294 3025 345 3088 54.
376 3021 469 3089 Idem
499 3042 601 3086 annus
638 3042 740 3086 novas
774 3022 983 3088 caerimonias
1014 3025 1141 3108 accepit

229 3130 339 3196 addito
359 3125 518 3192 sodalium
531 3125 760 3211 Augustalium
779 3126 971 3210 sacerdotio,
987 3134 1024 3191 ut
1037 3149 1140 3213 quon-

229 3237 303 3302 dam
333 3233 423 3298 Titus
454 3230 565 3295 Tatius
603 3230 781 3295 retinendis
810 3231 1003 3296 Sabinorum
1041 3235 1140 3298 sacris
1234 3281 1235 3304 ,

230 3340 357 3406 sodales
372 3335 474 3400 Titios
496 3334 689 3400 instituerat.
730 3342 816 3400 sorte
842 3335 929 3400 ducti
952 3357 970 3402 e
992 3338 1140 3422 primori·
1234 3321 1235 3350 ³

209 3446 289 3512 abus
313 3441 448 3508 civitatis
470 3459 553 3502 unus
577 3445 609 3504 et
632 3440 762 3524 viginti:
785 3440 932 3505 Tiberius
949 3440 1138 3526 Drususque
