2444 4010
279 313 317 352 aa
330 313 457 354 excussu
470 313 535 354 orvr
548 312 676 354 suoosrr
689 313 713 353 11
725 314 811 352 rn-rr.
960 309 997 366 85

74 472 262 538 violentum
292 478 325 536 et
354 471 500 557 obsequii
526 473 689 556 ignarum,
719 472 816 537 insita
837 472 959 538 ferocia
981 496 1001 538 a

79 583 176 663 patre
191 576 320 659 Pisone,
343 577 398 660 qui
417 576 503 640 civili
518 576 604 642 bello
620 583 826 662 resurgentes
842 577 874 640 in
890 575 1001 641 Africa

80 687 192 770 partes
204 682 360 746 acerrimo
371 680 551 747 ministerio
562 680 717 747 adversus
729 681 899 746 Caesarem
910 681 1000 764 iuvit,

81 807 163 852 mox
182 786 319 852 Brutum
342 793 375 850 et
392 785 539 850 Cassium
562 792 692 850 secutus
715 804 870 851 concesso
893 783 1000 850 reditu
1010 807 1035 845 rr

81 889 241 976 petitione
255 889 416 956 honorum
429 888 591 972 abstinuit,
609 889 713 956 donec
726 891 812 955 ultro
828 888 1002 955 ambiretur

83 993 229 1060 delatum
259 993 299 1058 ab
328 992 479 1078 Augusto
510 993 712 1059 consulatum
741 994 899 1080 accipere.
944 993 1002 1059 sed

82 1106 213 1186 praeter
235 1105 386 1184 paternos
407 1099 538 1184 spiritus
554 1100 666 1165 uxoris
682 1122 811 1187 quoque
827 1102 1002 1168 Plancinae

82 1204 252 1270 nobilitate
269 1209 301 1270 et
317 1204 432 1289 opibus
447 1203 697 1287 accendebatur3
714 1205 770 1270 vix
780 1205 910 1272 Tiberio
927 1228 1001 1272 oon·

85 1308 212 1391 cedere,
235 1308 354 1375 liberos
376 1314 412 1372 ut
433 1309 569 1374 multum
594 1307 677 1374 inira
701 1307 902 1395 despectare.
942 1331 1036 1376 neoro

86 1414 219 1479 dubium
240 1412 380 1480 habebat
402 1435 437 1478 se
459 1412 632 1496 delectum,
656 1415 711 1498 qui
726 1413 839 1499 Syriae
854 1414 1002 1500 impone-

85 1523 173 1583 retur
203 1517 244 1582 ad
273 1538 348 1601 spes
372 1517 555 1584 Germanioi
582 1519 789 1584 coercendas.
834 1518 1003 1583 credidere

87 1623 217 1708 quidam
247 1623 322 1688 data
351 1629 383 1686 et
412 1644 431 1686 a
455 1623 586 1688 Tiberio
618 1624 744 1689 occulta
771 1623 942 1706 mandata3
971 1630 1003 1688 et

86 1727 271 1794 Plancinam
300 1728 387 1793 haud
417 1728 513 1794 dubie
538 1727 689 1814 Augusta
711 1729 837 1792 monuit
860 1727 1002 1793 aemula·

88 1831 173 1897 tione
196 1832 345 1898 muliebri
360 1831 575 1918 Agrippinam
598 1833 752 1898 insecuta.
791 1831 894 1897 divisa
913 1849 1037 1894 nam-2⁵

90 1956 149 2020 que
180 1943 212 2001 et
242 1936 365 2001 discors
395 1935 468 2000 aule
490 1937 596 2002 tacitis
619 1936 652 2001 in
676 1936 819 2001 Drusum
842 1941 897 2001 aut
921 1935 1002 2000 Ger·

92 2041 248 2106 manioum
279 2039 403 2105 studiis.
447 2040 593 2106 Tiberius
624 2050 661 2106 ut
691 2041 858 2127 proprium
892 2047 924 2106 et
953 2041 1003 2105 sui

92 2147 250 2230 sanguinis
273 2147 416 2211 Drusum
444 2145 592 2212 fovebat:
625 2145 819 2212 Germanico
851 2145 1002 2211 alienatio

93 2253 192 2335 patrui
214 2273 360 2318 amorem
375 2250 462 2337 apud
478 2260 605 2318 ceteros
620 2256 756 2316 auxerat
771 2256 804 2316 et
819 2252 895 2336 quia
910 2250 1002 2314 oleri·

95 2356 198 2423 tudine
227 2357 365 2423 materni
393 2356 524 2441 generis
553 2357 716 2438 anteibat,
744 2376 840 2420 avum
866 2355 911 2420 M.
932 2354 1039 2419 rin-ao

96 2460 221 2542 lonium,
233 2460 426 2526 avunculum
437 2459 622 2543 Augustum
632 2457 750 2524 ferens.
774 2464 886 2523 contra
894 2459 1001 2523 Druso

97 2581 225 2644 proavus
255 2585 354 2649 eques
376 2563 544 2628 Romanus
566 2562 766 2647 Pomponius
788 2562 916 2627 Atticos
947 2562 1003 2627 de·

99 2664 205 2734 decere
218 2668 426 2733 Claudiorum
442 2667 600 2751 imagines
615 2666 800 2733 ridebatur:
817 2672 850 2733 et
863 2666 1003 2732 coniunx

100 2767 273 2838 Germanioi
294 2772 476 2858 Agrippina
496 2771 583 2836 fama
604 2770 731 2836 Liviam
753 2791 890 2836 uxorem
903 2771 1003 2836 Drusi

98 2877 314 2955 praecellebat.
361 2873 419 2940 sed
452 2875 565 2940 fratres
598 2875 729 2958 egregie
762 2874 938 2940 concordes
971 2881 1039 2939 etas

100 2982 312 3059 proximorum
336 2981 563 3046 conaminibus
586 2980 777 3045 inconcussi.

157 3085 205 3149 44.
223 3086 254 3150 N
256 3105 293 3150 ec
307 3085 410 3150 multo
425 3092 500 3170 post
515 3085 641 3149 Drusus
656 3084 690 3146 in
704 3082 871 3168 Illyricum
889 3083 1002 3147 misem

102 3193 153 3266 est,
174 3194 207 3251 ut
228 3193 394 3254 suesceret
415 3188 549 3252 militiae
572 3186 741 3272 studiaque
765 3187 927 3252 exercitus
946 3208 1002 3271 pa·

104 3296 192 3372 raret3
222 3294 313 3358 simul
345 3293 497 3358 iuuenem
523 3292 646 3357 urbano
676 3292 755 3356 luxu
783 3291 1003 3356 lascivientem

31 3465 32 3482 ἵ
105 3393 204 3460 melius
231 3397 263 3461 in
291 3398 401 3462 castris
424 3398 536 3462 haberi
559 3397 707 3463 Tiberius
729 3417 827 3481 seque
850 3396 1003 3461 tutiorem

32 3509 33 3530 ³
107 3493 220 3564 rebatur
233 3509 370 3586 utroque
384 3501 450 3566 filio
465 3501 612 3586 legiones
626 3501 802 3566 obtinente.
834 3501 891 3565 sed
904 3501 1023 3566 Suebis
