2482 4014
306 323 342 360 ΑΒ
356 323 482 364 excussu
496 324 560 363 nrvr
572 325 700 365 aueusm
713 325 745 364 vr
758 324 841 366 rs-aa.
976 314 1030 369 231

121 480 308 564 magistrum
326 480 528 545 Thrasullum
549 481 670 564 habuit,
694 482 841 566 peritiam
856 481 920 544 hoc
935 477 1031 544 modo

120 589 284 668 expertus.

182 688 234 750 21.
259 687 416 762 Quotiens
428 689 562 774 negotio
579 691 786 773 consultaret,
809 689 916 754 liberti
938 688 1031 752 unius

120 791 317 856 conscientia
339 793 500 858 utebatur.
547 794 573 857 is
596 795 775 860 litterarum
797 797 938 880 ignarus,
963 813 1032 857 cor-

116 915 198 979 pore
213 896 333 976 valido,
348 916 408 980 per
422 896 494 961 avia
509 918 546 961 aa
563 898 700 984 derupta
715 899 803 981 (nam
815 900 902 964 saxis
919 898 1032 962 domus

116 997 275 1080 imminet)
299 1000 445 1084 praeibat
468 1023 551 1080 eum,
576 1003 665 1067 cuius
689 1009 790 1067 artem
814 1004 956 1088 experiri
978 1002 1030 1065 Ti-

114 1103 223 1166 berius
258 1105 437 1187 statuisset,
473 1113 504 1170 et
532 1107 788 1190 regredientem,
826 1109 854 1172 si
882 1108 1052 1174 vanitatiso

116 1213 172 1271 aut
186 1207 335 1272 fraudum
347 1210 486 1294 suspicio
503 1211 688 1287 incesserat,
704 1213 738 1276 in
750 1213 929 1277 subiectum
942 1233 1030 1276 mare

115 1315 357 1399 praecipitabat,
380 1337 421 1380 ne
447 1315 548 1379 index
570 1319 678 1381 arcani
702 1317 885 1388 exsisteret.
931 1316 1029 1399 igitur

114 1417 299 1482 Thrasullus
314 1419 419 1484 isdem
434 1419 565 1504 rupibus
581 1420 739 1502 inductus,
763 1427 934 1505 postquam
952 1441 1028 1505 per·

117 1529 303 1587 contantem
333 1531 553 1588 commoverat
582 1523 752 1607 imperium
780 1524 842 1608 ipsi
869 1528 902 1587 et
924 1523 1030 1588 futura

117 1628 266 1692 sollerter
281 1627 487 1712 patefaciens,
505 1629 723 1711 interrogatur
738 1647 779 1690 an
796 1649 886 1692 suam
901 1646 1064 1712 quoquere

116 1732 292 1818 genitalem
313 1733 428 1798 horam
451 1733 673 1816 comperisset,
697 1753 793 1817 quem
817 1738 884 1796 tum
901 1752 1030 1812 annum,

116 1836 244 1920 qualem
275 1835 360 1900 diem
391 1837 537 1900 haberet.
583 1836 637 1900 ille
667 1836 791 1920 positus
822 1835 962 1899 siderum
993 1855 1030 1898 ac

116 1939 221 2024 spatia
244 1939 407 2003 dimensus
435 1941 570 2005 haerere
599 1942 721 2024 primo,
752 1939 827 2004 dein
856 1960 1030 2024 pavescere

117 2050 159 2126 et,
175 2051 331 2128 quantum
346 2045 583 2129 introspiceret,
599 2045 703 2127 magis
719 2066 757 2108 ac
771 2044 874 2127 magis
886 2043 1030 2128 trepidus

116 2147 338 2212 admirationis
362 2155 394 2212 et
416 2155 530 2230 metus,
558 2154 722 2232 postremo
748 2148 907 2212 exclamat
929 2147 1064 2210 ambi-rs

115 2273 214 2336 guum
244 2251 304 2316 sibi
325 2272 373 2330 vac
403 2273 505 2336 prope
534 2253 683 2316 ultimum
707 2250 878 2315 discrimen
901 2252 1029 2315 instare.

112 2363 181 2420 tum
212 2356 399 2440 complexus
427 2356 575 2420 Tiberius
604 2356 785 2440 praescium
812 2355 1030 2438 periculorum

112 2460 309 2524 incolumem
332 2459 402 2524 fore
425 2465 571 2543 gratatur
600 2480 753 2545 quaeque
774 2459 901 2524 dixerat
932 2455 1030 2522 oracli

112 2566 183 2629 vioe
206 2564 367 2649 accipiens
389 2565 474 2628 inter
494 2564 625 2627 intimos
648 2563 826 2627 amicorum
849 2567 950 2628 tenet.

178 2671 229 2734 22.
264 2670 329 2734 Sed
345 2669 424 2732 mihi
439 2671 520 2733 haec
542 2689 579 2732 ac
601 2668 680 2732 talia
694 2665 839 2732 audienti
856 2669 890 2730 in
906 2667 1028 2730 incerto
1047 2709 1049 2714 .

109 2774 275 2856 iudicium,
299 2773 408 2837 fatone
432 2793 482 2835 res
497 2771 683 2835 mortalium
701 2776 733 2834 et
748 2771 941 2835 necessitate
965 2770 1027 2832 im-

111 2877 259 2941 mutabili
275 2897 316 2940 an
330 2876 414 2941 forto
426 2877 606 2941 volvantur.
638 2875 758 2960 quippe
771 2875 1027 2960 sapientissimos

111 2987 260 3047 veterum
275 2982 394 3064 quique
410 2985 531 3045 sectam
543 2999 655 3043 eorum
666 2978 868 3042 aemulantur
882 2978 1027 3042 diversos

110 3085 255 3170 reperies
284 3105 321 3148 ao
350 3085 458 3148 multis
486 3084 614 3147 insitam
638 3082 825 3167 opinionem
847 3103 914 3145 non
936 3080 1048 3143 initias

109 3189 223 3272 nostri,
242 3210 308 3253 non
323 3188 429 3270 finem,
445 3209 511 3253 non
527 3186 666 3270 denique
681 3186 831 3250 homines
849 3184 897 3248 dis
913 3202 1024 3261 curae;

109 3294 185 3359 ideo
209 3292 402 3358 creberrime
425 3291 529 3356 tristia
543 3292 577 3356 in
592 3283 705 3372 bonos,
729 3288 815 3352 laeta
833 3287 918 3371 apud
936 3287 1025 3352 dete-

109 3399 220 3463 riores.
252 3400 365 3460 contra
380 3395 435 3459 alii
458 3394 559 3458 fatum
575 3391 708 3478 quidem
726 3412 904 3474 congruere
928 3392 1025 3455 rebus

110 3507 224 3587 putant
247 3499 393 3564 sednon
417 3498 540 3580 evagis
557 3496 668 3575 stellis,
692 3516 805 3572 verum
828 3495 913 3580 apud
937 3495 1023 3579 prin-
