2498 4010
161 270 197 328 10
498 276 637 316 CORNELII
660 276 758 316 ΤΔΟΙΤῙ

129 441 200 496 acet
229 433 349 517 nuptiis
383 433 503 498 sororis
532 433 686 497 iniectum
717 431 872 496 subdolae
904 430 1077 495 adfinitatis

164 557 287 620 poenas
303 544 407 603 morte
425 539 615 602 exsolvisse.
656 557 770 621 pacem
793 537 861 601 sine
886 535 985 601 dubio
1004 543 1079 620 post

164 642 261 723 haec,
294 663 407 708 verum
442 647 622 707 cruentam:
663 640 828 706 Lollianas
856 639 1077 723 Varianasque

165 746 292 829 clades,
330 746 515 826 interfectos
555 746 679 811 Romae
716 743 881 809 Varrones
920 744 1077 829 Egnatios

163 851 263 916 Iulos.
303 873 364 917 nec
388 852 574 919 domesticis
595 851 832 916 abstinebatur:
856 850 995 915 abducta
1010 850 1075 914 Ne-

129 957 235 1020 raroni
258 978 341 1020 uxor
365 963 398 1021 et
417 959 555 1022 consulti
571 978 630 1041 per
650 957 825 1022 ludibrium
849 956 1017 1039 pontifices
1037 960 1076 1018 an

164 1059 223 1124 rite
257 1062 409 1143 nuberet;
441 1062 540 1127 Vedii
569 1062 728 1127 Pollionis
759 1063 871 1141 luxus3
910 1067 1074 1146 postremo

162 1162 255 1228 Livia
277 1165 385 1247 gravis
404 1174 516 1249 mater,
538 1167 647 1251 gravis
669 1186 820 1231 noverca.
843 1165 924 1230 nihil
941 1165 1074 1230 deorum

162 1269 339 1333 honoribus
369 1271 535 1352 relictum,
574 1292 646 1335 cum
678 1292 711 1335 se
743 1269 871 1354 templis
900 1274 934 1334 et
966 1269 1071 1353 effigie

162 1373 329 1437 numinum
352 1395 411 1458 per
439 1375 585 1439 flamines
609 1381 642 1440 et
671 1373 857 1440 sacerdotes
881 1373 943 1437 coli
964 1373 1072 1438 vellet.

127 1500 203 1543 eone
235 1478 400 1543 Tiberium
438 1480 569 1564 quidem
603 1481 734 1545 caritate
766 1485 820 1544 aut
850 1478 898 1542 rei
928 1478 1072 1562 publicae

162 1603 238 1647 cura
268 1603 488 1648 successorem
526 1583 703 1666 adscitum,
742 1581 802 1646 sed
830 1581 982 1665 quoniam
1013 1580 1069 1643 ad·

160 1686 341 1771 rogantiam
381 1688 613 1772 saevitiamque
653 1686 901 1770 introspexerit,
941 1705 1069 1768 compa-

159 1789 284 1853 ratione
315 1788 488 1857 deterrima
516 1791 578 1856 sibi
606 1792 742 1874 gloriam
768 1792 975 1875 quaesivisse.
1022 1795 1068 1854 et-

169 1895 255 1958 enim
276 1892 444 1978 Augustus
473 1897 583 1980 paucis
613 1901 687 1961 anto
710 1894 818 1976 annis,
850 1914 922 1958 cum
944 1892 1073 1957 Tiberio

126 2016 152 2054 ³⁶
168 1999 369 2064 tribuniciam
392 2005 586 2086 potestatem
609 2021 629 2063 a
650 1998 794 2083 patribus
818 2019 943 2063 rursum
963 2005 1074 2082 postu·

164 2102 263 2184 laret,
297 2124 490 2189 quamquam
509 2106 634 2169 honora
658 2105 819 2186 oratione,
851 2102 1010 2187 quaedam
1033 2101 1073 2166 de

160 2206 272 2271 habitu
296 2208 446 2292 cultuque
470 2213 504 2272 ct
525 2209 679 2273 institutis
708 2208 844 2289 iecerat,
877 2227 958 2291 quae
982 2207 1069 2271 velut

161 2311 347 2378 excusando
373 2312 594 2398 exprobraret.
624 2319 766 2377 ceterum
791 2311 959 2396 sepultura
980 2331 1071 2375 more

161 2415 304 2500 perfecta
333 2417 489 2501 templum
519 2425 551 2482 et
574 2417 730 2481 caelestes
761 2415 936 2499 religiones
960 2413 1072 2478 decer-

126 2526 290 2588 suuntur.

229 2633 277 2694 ll.
308 2628 432 2693 Versae
455 2627 530 2691 inde
553 2625 595 2690 ad
616 2625 780 2689 Tiberium
801 2644 926 2708 preces.
966 2627 999 2686 et
1018 2622 1072 2685 ille

160 2729 248 2799 varie
265 2733 444 2797 disserebat
467 2731 508 2795 de
527 2728 747 2813 magnitudine
771 2727 908 2812 imperii,
931 2747 987 2790 sua
1003 2747 1073 2790 mo-

161 2839 274 2924 destia.
313 2838 416 2902 solam
439 2836 504 2901 diri
519 2835 660 2919 Augusti
682 2831 825 2898 mentem
847 2837 955 2896 tantae
978 2829 1074 2895 molis

162 2963 331 3028 capacem:
356 2963 390 3006 se
412 2941 445 3004 in
467 2947 594 3024 partem
616 2959 763 3004 curarum
786 2938 825 3001 ab
849 2937 906 3000 illo
923 2945 1074 3018 vocatqm

140 3046 361 3132 rexperiendo
388 3044 537 3110 didicisse
561 3063 658 3127 quam
686 3041 838 3123 arduum,
872 3060 968 3124 quam
999 3039 1073 3102 sub-

160 3151 280 3216 iectum
296 3151 444 3216 fortunae
461 3147 597 3233 regendi
613 3152 728 3211 cuncta
744 3165 835 3210 onus.
880 3141 1017 3228 proinde
1038 3143 1071 3206 in

163 3256 291 3321 civitate
308 3260 357 3320 tot
379 3253 566 3319 inlustribus
582 3251 656 3316 viris
675 3250 813 3316 subnixa
835 3269 901 3313 non
917 3247 959 3312 ad
973 3269 1074 3312 unum

163 3361 272 3423 omnia
287 3358 466 3423 deferrent:
490 3358 599 3442 plures
621 3355 745 3418 facilius
769 3354 878 3418 munia
900 3352 947 3416 rei
969 3351 1075 3438 publi-

163 3485 219 3529 cae
243 3463 373 3527 sociatis
395 3461 559 3526 laboribus
584 3464 805 3523 exsecuturos.
850 3457 923 3541 plus
945 3457 979 3521 in
1003 3475 1074 3521 ora-
