<?xml version="1.0" encoding="UTF-8"?>
<!DOCTYPE html PUBLIC "-//W3C//DTD XHTML 1.0 Transitional//EN"
    "http://www.w3.org/TR/xhtml1/DTD/xhtml1-transitional.dtd">
<html xmlns="http://www.w3.org/1999/xhtml" xml:lang="en" lang="en">
 <head>
  <title>
</title>
<meta http-equiv="Content-Type" content="text/html;charset=utf-8" />
  <meta name='ocr-system' content='tesseract 3.04.00' />
  <meta name='ocr-capabilities' content='ocr_page ocr_carea ocr_par ocr_line ocrx_word'/>
</head>
<body>
  <div class='ocr_page' id='page_1' title='image "./annalen01tacigoog_0266.png"; bbox 0 0 2482 4014; ppageno 0'>
   <div class='ocr_carea' id='block_1_1' title="bbox 331 362 1046 417">
    <p class='ocr_par' dir='ltr' id='par_1_1' title="bbox 331 362 1046 417">
     <span class='ocr_line' id='line_1_1' title="bbox 331 362 1046 417; baseline 0.006 -11"><span class='ocrx_word' id='word_1_1' title='bbox 331 367 368 406; x_wconf 76' lang='lat' dir='ltr'>ss</span> <span class='ocrx_word' id='word_1_2' title='bbox 382 365 507 406; x_wconf 82' lang='lat' dir='ltr'>nxcnssu</span> <span class='ocrx_word' id='word_1_3' title='bbox 521 366 584 405; x_wconf 80' lang='lat' dir='ltr'>orvi</span> <span class='ocrx_word' id='word_1_4' title='bbox 598 366 724 407; x_wconf 80' lang='lat' dir='ltr'>sususrr</span> <span class='ocrx_word' id='word_1_5' title='bbox 737 367 769 406; x_wconf 85' lang='lat' dir='ltr'>vr</span> <span class='ocrx_word' id='word_1_6' title='bbox 782 367 866 407; x_wconf 84' lang='lat' dir='ltr'>so-sr.</span> <span class='ocrx_word' id='word_1_7' title='bbox 990 362 1046 417; x_wconf 83' lang='lat'>253</span> 
     </span>
    </p>
   </div>
   <div class='ocr_carea' id='block_1_2' title="bbox 141 522 1080 1552">
    <p class='ocr_par' dir='ltr' id='par_1_2' title="bbox 141 522 1080 1552">
     <span class='ocr_line' id='line_1_2' title="bbox 143 522 1047 610; baseline 0 -23"><span class='ocrx_word' id='word_1_8' title='bbox 143 527 247 610; x_wconf 91' lang='lat' dir='ltr'>prima</span> <span class='ocrx_word' id='word_1_9' title='bbox 270 523 309 587; x_wconf 85' lang='lat' dir='ltr'>ab</span> <span class='ocrx_word' id='word_1_10' title='bbox 326 522 460 587; x_wconf 84' lang='lat' dir='ltr'>infantia</span> <span class='ocrx_word' id='word_1_11' title='bbox 480 523 651 608; x_wconf 78' lang='lat' dir='ltr'>ancipites3</span> <span class='ocrx_word' id='word_1_12' title='bbox 674 545 748 589; x_wconf 93' lang='lat' dir='ltr'>nam</span> <span class='ocrx_word' id='word_1_13' title='bbox 763 523 976 609; x_wconf 86' lang='lat' dir='ltr'>proscriptum</span> <span class='ocrx_word' id='word_1_14' title='bbox 991 545 1047 608; x_wconf 84' lang='lat' dir='ltr'>pa-</span> 
     </span>
     <span class='ocr_line' id='line_1_3' title="bbox 144 627 1068 714; baseline -0.002 -23"><span class='ocrx_word' id='word_1_15' title='bbox 144 635 226 693; x_wconf 90' lang='lat' dir='ltr'>trem</span> <span class='ocrx_word' id='word_1_16' title='bbox 241 629 316 692; x_wconf 85' lang='lat' dir='ltr'>exul</span> <span class='ocrx_word' id='word_1_17' title='bbox 333 635 471 710; x_wconf 89' lang='lat' dir='ltr'>secutus,</span> <span class='ocrx_word' id='word_1_18' title='bbox 494 628 549 692; x_wconf 94' lang='lat' dir='ltr'>ubi</span> <span class='ocrx_word' id='word_1_19' title='bbox 574 627 705 692; x_wconf 89' lang='lat' dir='ltr'>domum</span> <span class='ocrx_word' id='word_1_20' title='bbox 720 628 861 714; x_wconf 77' lang='lat' dir='ltr'>Augusti</span> <span class='ocrx_word' id='word_1_21' title='bbox 882 629 1068 714; x_wconf 76' lang='lat' dir='ltr'>privignuss</span> 
     </span>
     <span class='ocr_line' id='line_1_4' title="bbox 142 733 1046 816; baseline -0.001 -19"><span class='ocrx_word' id='word_1_22' title='bbox 142 736 275 816; x_wconf 89' lang='lat' dir='ltr'>introiit,</span> <span class='ocrx_word' id='word_1_23' title='bbox 294 734 401 798; x_wconf 83' lang='lat' dir='ltr'>multis</span> <span class='ocrx_word' id='word_1_24' title='bbox 417 733 550 797; x_wconf 83' lang='lat' dir='ltr'>aemulis</span> <span class='ocrx_word' id='word_1_25' title='bbox 567 733 765 797; x_wconf 88' lang='lat' dir='ltr'>conflictatus</span> <span class='ocrx_word' id='word_1_26' title='bbox 780 738 839 815; x_wconf 90' lang='lat' dir='ltr'>est,</span> <span class='ocrx_word' id='word_1_27' title='bbox 869 734 945 797; x_wconf 92' lang='lat' dir='ltr'>dum</span> <span class='ocrx_word' id='word_1_28' title='bbox 960 734 1046 798; x_wconf 89' lang='lat' dir='ltr'>Mar·</span> 
     </span>
     <span class='ocr_line' id='line_1_5' title="bbox 142 836 1047 922; baseline 0 -20"><span class='ocrx_word' id='word_1_29' title='bbox 142 839 241 902; x_wconf 85' lang='lat' dir='ltr'>celius</span> <span class='ocrx_word' id='word_1_30' title='bbox 261 843 293 900; x_wconf 91' lang='lat' dir='ltr'>et</span> <span class='ocrx_word' id='word_1_31' title='bbox 306 836 461 922; x_wconf 84' lang='lat' dir='ltr'>Agrippa,</span> <span class='ocrx_word' id='word_1_32' title='bbox 485 856 562 900; x_wconf 84' lang='lat' dir='ltr'>mox</span> <span class='ocrx_word' id='word_1_33' title='bbox 579 837 678 902; x_wconf 80' lang='lat' dir='ltr'>Gaius</span> <span class='ocrx_word' id='word_1_34' title='bbox 693 837 875 922; x_wconf 84' lang='lat' dir='ltr'>Luciusque</span> <span class='ocrx_word' id='word_1_35' title='bbox 892 838 1047 904; x_wconf 78' lang='lat' dir='ltr'>Caesares</span> 
     </span>
     <span class='ocr_line' id='line_1_6' title="bbox 141 942 1047 1028; baseline 0.003 -22"><span class='ocrx_word' id='word_1_36' title='bbox 141 945 290 1027; x_wconf 73' lang='lat' dir='ltr'>viguere,</span> <span class='ocrx_word' id='word_1_37' title='bbox 328 942 426 1005; x_wconf 89' lang='lat' dir='ltr'>etiam</span> <span class='ocrx_word' id='word_1_38' title='bbox 456 942 554 1004; x_wconf 87' lang='lat' dir='ltr'>frater</span> <span class='ocrx_word' id='word_1_39' title='bbox 589 942 656 1005; x_wconf 89' lang='lat' dir='ltr'>eius</span> <span class='ocrx_word' id='word_1_40' title='bbox 687 943 813 1007; x_wconf 85' lang='lat' dir='ltr'>Drusus</span> <span class='ocrx_word' id='word_1_41' title='bbox 844 945 1047 1028; x_wconf 83' lang='lat' dir='ltr'>prosperiore</span> 
     </span>
     <span class='ocr_line' id='line_1_7' title="bbox 143 1047 1049 1134; baseline 0 -21"><span class='ocrx_word' id='word_1_42' title='bbox 143 1049 259 1113; x_wconf 84' lang='lat' dir='ltr'>civium</span> <span class='ocrx_word' id='word_1_43' title='bbox 282 1068 391 1112; x_wconf 91' lang='lat' dir='ltr'>amore</span> <span class='ocrx_word' id='word_1_44' title='bbox 416 1052 493 1111; x_wconf 89' lang='lat' dir='ltr'>erat.</span> <span class='ocrx_word' id='word_1_45' title='bbox 538 1047 758 1112; x_wconf 84' lang='lat' dir='ltr'>sedmaxims</span> <span class='ocrx_word' id='word_1_46' title='bbox 781 1048 957 1112; x_wconf 87' lang='lat' dir='ltr'>inlubrico</span> <span class='ocrx_word' id='word_1_47' title='bbox 982 1049 1049 1134; x_wconf 85' lang='lat' dir='ltr'>egit</span> 
     </span>
     <span class='ocr_line' id='line_1_8' title="bbox 143 1151 1080 1236; baseline -0.009 -20"><span class='ocrx_word' id='word_1_48' title='bbox 143 1158 276 1236; x_wconf 86' lang='lat' dir='ltr'>accepta</span> <span class='ocrx_word' id='word_1_49' title='bbox 297 1151 331 1215; x_wconf 92' lang='lat' dir='ltr'>in</span> <span class='ocrx_word' id='word_1_50' title='bbox 350 1151 588 1216; x_wconf 82' lang='lat' dir='ltr'>matrimonium</span> <span class='ocrx_word' id='word_1_51' title='bbox 603 1152 686 1215; x_wconf 89' lang='lat' dir='ltr'>Iulia</span> <span class='ocrx_word' id='word_1_52' title='bbox 700 1151 920 1236; x_wconf 71' lang='lat' dir='ltr'>inpudicitiam</span> <span class='ocrx_word' id='word_1_53' title='bbox 935 1152 1047 1215; x_wconf 83' lang='lat' dir='ltr'>uxoris</span> <span class='ocrx_word' id='word_1_54' title='bbox 1056 1171 1080 1210; x_wconf 85' lang='lat'>10</span> 
     </span>
     <span class='ocr_line' id='line_1_9' title="bbox 143 1255 1047 1340; baseline -0.003 -19"><span class='ocrx_word' id='word_1_55' title='bbox 143 1260 285 1324; x_wconf 88' lang='lat' dir='ltr'>tolerans</span> <span class='ocrx_word' id='word_1_56' title='bbox 318 1264 373 1321; x_wconf 85' lang='lat' dir='ltr'>aut</span> <span class='ocrx_word' id='word_1_57' title='bbox 405 1255 579 1322; x_wconf 88' lang='lat' dir='ltr'>declinans.</span> <span class='ocrx_word' id='word_1_58' title='bbox 625 1255 699 1319; x_wconf 92' lang='lat' dir='ltr'>dein</span> <span class='ocrx_word' id='word_1_59' title='bbox 731 1255 850 1320; x_wconf 89' lang='lat' dir='ltr'>Rhodo</span> <span class='ocrx_word' id='word_1_60' title='bbox 881 1276 1047 1340; x_wconf 86' lang='lat' dir='ltr'>regressus</span> 
     </span>
     <span class='ocr_line' id='line_1_10' title="bbox 143 1361 1046 1448; baseline -0.004 -22"><span class='ocrx_word' id='word_1_61' title='bbox 143 1385 262 1428; x_wconf 83' lang='lat' dir='ltr'>vacuos</span> <span class='ocrx_word' id='word_1_62' title='bbox 294 1361 445 1448; x_wconf 92' lang='lat' dir='ltr'>principis</span> <span class='ocrx_word' id='word_1_63' title='bbox 474 1367 607 1446; x_wconf 87' lang='lat' dir='ltr'>penates</span> <span class='ocrx_word' id='word_1_64' title='bbox 637 1361 808 1426; x_wconf 81' lang='lat' dir='ltr'>duodecim</span> <span class='ocrx_word' id='word_1_65' title='bbox 832 1362 937 1442; x_wconf 89' lang='lat' dir='ltr'>annis,</span> <span class='ocrx_word' id='word_1_66' title='bbox 969 1382 1046 1424; x_wconf 85' lang='lat' dir='ltr'>mox</span> 
     </span>
     <span class='ocr_line' id='line_1_11' title="bbox 143 1464 1078 1552; baseline -0.001 -23"><span class='ocrx_word' id='word_1_67' title='bbox 143 1468 190 1531; x_wconf 90' lang='lat' dir='ltr'>rei</span> <span class='ocrx_word' id='word_1_68' title='bbox 217 1466 385 1531; x_wconf 85' lang='lat' dir='ltr'>Romanae</span> <span class='ocrx_word' id='word_1_69' title='bbox 416 1465 581 1530; x_wconf 84' lang='lat' dir='ltr'>arbitrium</span> <span class='ocrx_word' id='word_1_70' title='bbox 607 1464 709 1528; x_wconf 87' lang='lat' dir='ltr'>tribus</span> <span class='ocrx_word' id='word_1_71' title='bbox 742 1464 845 1530; x_wconf 90' lang='lat' dir='ltr'>ferme</span> <span class='ocrx_word' id='word_1_72' title='bbox 876 1470 907 1530; x_wconf 87' lang='lat' dir='ltr'>et</span> <span class='ocrx_word' id='word_1_73' title='bbox 936 1465 1048 1548; x_wconf 85' lang='lat' dir='ltr'>viginti</span> <span class='ocrx_word' id='word_1_74' title='bbox 1076 1546 1078 1552; x_wconf 20' lang='grc' dir='ltr'>Ι</span> 
     </span>
    </p>
   </div>
   <div class='ocr_carea' id='block_1_3' title="bbox 18 1565 1047 1652">
    <p class='ocr_par' dir='ltr' id='par_1_3' title="bbox 18 1565 1047 1652">
     <span class='ocr_line' id='line_1_12' title="bbox 18 1565 1047 1652; baseline 0.005 -25"><span class='ocrx_word' id='word_1_75' title='bbox 18 1573 22 1598; x_wconf 76' lang='lat'><em>³</em></span> <span class='ocrx_word' id='word_1_76' title='bbox 55 1565 57 1570; x_wconf 78' lang='grc'><strong>’</strong></span> <span class='ocrx_word' id='word_1_77' title='bbox 145 1571 292 1635; x_wconf 86' lang='lat' dir='ltr'>obtinuit.</span> <span class='ocrx_word' id='word_1_78' title='bbox 324 1590 451 1632; x_wconf 91' lang='lat' dir='ltr'>morum</span> <span class='ocrx_word' id='word_1_79' title='bbox 485 1589 613 1652; x_wconf 88' lang='lat' dir='ltr'>quoque</span> <span class='ocrx_word' id='word_1_80' title='bbox 645 1573 792 1651; x_wconf 89' lang='lat' dir='ltr'>tempora</span> <span class='ocrx_word' id='word_1_81' title='bbox 825 1569 873 1632; x_wconf 87' lang='lat' dir='ltr'>illi</span> <span class='ocrx_word' id='word_1_82' title='bbox 905 1567 1047 1632; x_wconf 90' lang='lat' dir='ltr'>diversa:</span> 
     </span>
    </p>
   </div>
   <div class='ocr_carea' id='block_1_4' title="bbox 142 1670 1083 1967">
    <p class='ocr_par' dir='ltr' id='par_1_4' title="bbox 142 1670 1083 1967">
     <span class='ocr_line' id='line_1_13' title="bbox 144 1670 1083 1758; baseline -0.004 -18"><span class='ocrx_word' id='word_1_83' title='bbox 144 1674 313 1758; x_wconf 83' lang='lat' dir='ltr'>egregium</span> <span class='ocrx_word' id='word_1_84' title='bbox 342 1673 409 1735; x_wconf 85' lang='lat' dir='ltr'>vita</span> <span class='ocrx_word' id='word_1_85' title='bbox 437 1671 601 1755; x_wconf 84' lang='lat' dir='ltr'>famaque,</span> <span class='ocrx_word' id='word_1_86' title='bbox 634 1670 741 1756; x_wconf 89' lang='lat' dir='ltr'>quoad</span> <span class='ocrx_word' id='word_1_87' title='bbox 772 1671 913 1756; x_wconf 87' lang='lat' dir='ltr'>privatus</span> <span class='ocrx_word' id='word_1_88' title='bbox 942 1672 994 1736; x_wconf 85' lang='lat' dir='ltr'>vel</span> <span class='ocrx_word' id='word_1_89' title='bbox 1016 1673 1083 1736; x_wconf 81' lang='lat' dir='ltr'>in15</span> 
     </span>
     <span class='ocr_line' id='line_1_14' title="bbox 143 1776 1049 1864; baseline -0.002 -22"><span class='ocrx_word' id='word_1_90' title='bbox 143 1779 286 1864; x_wconf 91' lang='lat' dir='ltr'>imperiis</span> <span class='ocrx_word' id='word_1_91' title='bbox 302 1778 360 1842; x_wconf 92' lang='lat' dir='ltr'>sub</span> <span class='ocrx_word' id='word_1_92' title='bbox 376 1777 525 1862; x_wconf 86' lang='lat' dir='ltr'>Augusto</span> <span class='ocrx_word' id='word_1_93' title='bbox 542 1777 616 1857; x_wconf 80' lang='lat' dir='ltr'>fuit3</span> <span class='ocrx_word' id='word_1_94' title='bbox 642 1779 803 1842; x_wconf 89' lang='lat' dir='ltr'>occultum</span> <span class='ocrx_word' id='word_1_95' title='bbox 826 1799 862 1842; x_wconf 89' lang='lat' dir='ltr'>ac</span> <span class='ocrx_word' id='word_1_96' title='bbox 878 1776 1049 1842; x_wconf 92' lang='lat' dir='ltr'>subdolum</span> 
     </span>
     <span class='ocr_line' id='line_1_15' title="bbox 142 1879 1050 1967; baseline -0.003 -21"><span class='ocrx_word' id='word_1_97' title='bbox 142 1881 301 1967; x_wconf 84' lang='lat' dir='ltr'>fingendis</span> <span class='ocrx_word' id='word_1_98' title='bbox 324 1881 504 1958; x_wconf 83' lang='lat' dir='ltr'>virtutibus,</span> <span class='ocrx_word' id='word_1_99' title='bbox 529 1879 631 1944; x_wconf 92' lang='lat' dir='ltr'>donec</span> <span class='ocrx_word' id='word_1_100' title='bbox 650 1881 859 1946; x_wconf 81' lang='lat' dir='ltr'>Germanicus</span> <span class='ocrx_word' id='word_1_101' title='bbox 874 1903 910 1945; x_wconf 89' lang='lat' dir='ltr'>ac</span> <span class='ocrx_word' id='word_1_102' title='bbox 925 1881 1050 1945; x_wconf 89' lang='lat' dir='ltr'>Drusus</span> 
     </span>
    </p>
   </div>
   <div class='ocr_carea' id='block_1_5' title="bbox 144 1985 1085 2586">
    <p class='ocr_par' dir='ltr' id='par_1_5' title="bbox 144 1985 1085 2586">
     <span class='ocr_line' id='line_1_16' title="bbox 144 1985 1050 2072; baseline -0.002 -22"><span class='ocrx_word' id='word_1_103' title='bbox 144 1987 350 2070; x_wconf 85' lang='lat' dir='ltr'>superfuere3</span> <span class='ocrx_word' id='word_1_104' title='bbox 375 1985 462 2049; x_wconf 89' lang='lat' dir='ltr'>idem</span> <span class='ocrx_word' id='word_1_105' title='bbox 484 1986 567 2050; x_wconf 86' lang='lat' dir='ltr'>inter</span> <span class='ocrx_word' id='word_1_106' title='bbox 584 1985 670 2050; x_wconf 89' lang='lat' dir='ltr'>bona</span> <span class='ocrx_word' id='word_1_107' title='bbox 690 1987 836 2072; x_wconf 85' lang='lat' dir='ltr'>malaque</span> <span class='ocrx_word' id='word_1_108' title='bbox 859 1987 979 2050; x_wconf 87' lang='lat' dir='ltr'>mixtus</span> <span class='ocrx_word' id='word_1_109' title='bbox 1001 1986 1050 2049; x_wconf 91' lang='lat' dir='ltr'>in-</span> 
     </span>
     <span class='ocr_line' id='line_1_17' title="bbox 145 2089 1050 2173; baseline -0.003 -19"><span class='ocrx_word' id='word_1_110' title='bbox 145 2090 264 2154; x_wconf 90' lang='lat' dir='ltr'>columi</span> <span class='ocrx_word' id='word_1_111' title='bbox 287 2096 405 2169; x_wconf 79' lang='lat' dir='ltr'>matre3</span> <span class='ocrx_word' id='word_1_112' title='bbox 436 2089 627 2153; x_wconf 89' lang='lat' dir='ltr'>intestabilis</span> <span class='ocrx_word' id='word_1_113' title='bbox 650 2090 799 2173; x_wconf 85' lang='lat' dir='ltr'>saevitia,</span> <span class='ocrx_word' id='word_1_114' title='bbox 831 2089 889 2154; x_wconf 92' lang='lat' dir='ltr'>sed</span> <span class='ocrx_word' id='word_1_115' title='bbox 915 2089 1050 2155; x_wconf 90' lang='lat' dir='ltr'>obtectis</span> 
     </span>
     <span class='ocr_line' id='line_1_18' title="bbox 144 2192 1085 2278; baseline -0.002 -21"><span class='ocrx_word' id='word_1_116' title='bbox 144 2194 342 2273; x_wconf 89' lang='lat' dir='ltr'>libidinibus,</span> <span class='ocrx_word' id='word_1_117' title='bbox 356 2192 433 2256; x_wconf 92' lang='lat' dir='ltr'>dum</span> <span class='ocrx_word' id='word_1_118' title='bbox 446 2192 599 2256; x_wconf 81' lang='lat' dir='ltr'>Seianum</span> <span class='ocrx_word' id='word_1_119' title='bbox 615 2192 730 2256; x_wconf 87' lang='lat' dir='ltr'>dilexit</span> <span class='ocrx_word' id='word_1_120' title='bbox 740 2194 906 2258; x_wconf 87' lang='lat' dir='ltr'>timuitve:</span> <span class='ocrx_word' id='word_1_121' title='bbox 925 2200 1049 2278; x_wconf 90' lang='lat' dir='ltr'>postre-</span> <span class='ocrx_word' id='word_1_122' title='bbox 1060 2219 1085 2256; x_wconf 79' lang='lat' dir='ltr'>ac</span> 
     </span>
     <span class='ocr_line' id='line_1_19' title="bbox 145 2295 1049 2383; baseline -0.004 -23"><span class='ocrx_word' id='word_1_123' title='bbox 145 2319 197 2360; x_wconf 94' lang='lat' dir='ltr'>mo</span> <span class='ocrx_word' id='word_1_124' title='bbox 221 2297 253 2360; x_wconf 91' lang='lat' dir='ltr'>in</span> <span class='ocrx_word' id='word_1_125' title='bbox 278 2297 401 2360; x_wconf 87' lang='lat' dir='ltr'>scelera</span> <span class='ocrx_word' id='word_1_126' title='bbox 423 2296 517 2360; x_wconf 89' lang='lat' dir='ltr'>simul</span> <span class='ocrx_word' id='word_1_127' title='bbox 540 2317 576 2360; x_wconf 88' lang='lat' dir='ltr'>ac</span> <span class='ocrx_word' id='word_1_128' title='bbox 600 2295 761 2361; x_wconf 89' lang='lat' dir='ltr'>dedecora</span> <span class='ocrx_word' id='word_1_129' title='bbox 783 2298 938 2383; x_wconf 86' lang='lat' dir='ltr'>prorupit,</span> <span class='ocrx_word' id='word_1_130' title='bbox 961 2302 1049 2382; x_wconf 87' lang='lat' dir='ltr'>post-</span> 
     </span>
     <span class='ocr_line' id='line_1_20' title="bbox 146 2391 1049 2484; baseline 0 -21"><span class='ocrx_word' id='word_1_131' title='bbox 146 2420 240 2483; x_wconf 87' lang='lat' dir='ltr'>quam</span> <span class='ocrx_word' id='word_1_132' title='bbox 270 2405 396 2465; x_wconf 89' lang='lat' dir='ltr'>remoto</span> <span class='ocrx_word' id='word_1_133' title='bbox 425 2399 549 2484; x_wconf 89' lang='lat' dir='ltr'>pudore</span> <span class='ocrx_word' id='word_1_134' title='bbox 580 2407 613 2464; x_wconf 90' lang='lat' dir='ltr'>et</span> <span class='ocrx_word' id='word_1_135' title='bbox 641 2391 733 2466; x_wconf 86' lang='lat' dir='ltr'>metu&#39;</span> <span class='ocrx_word' id='word_1_136' title='bbox 760 2423 817 2466; x_wconf 92' lang='lat' dir='ltr'>suo</span> <span class='ocrx_word' id='word_1_137' title='bbox 848 2409 970 2467; x_wconf 86' lang='lat' dir='ltr'>tantum</span> <span class='ocrx_word' id='word_1_138' title='bbox 1002 2401 1049 2464; x_wconf 90' lang='lat' dir='ltr'>in-</span> 
     </span>
     <span class='ocr_line' id='line_1_21' title="bbox 146 2504 425 2586; baseline -0.004 -20"><span class='ocrx_word' id='word_1_139' title='bbox 146 2505 241 2586; x_wconf 85' lang='lat' dir='ltr'>genio</span> <span class='ocrx_word' id='word_1_140' title='bbox 265 2504 425 2569; x_wconf 87' lang='lat' dir='ltr'>utebatur.</span> 
     </span>
    </p>
   </div>
   <div class='ocr_carea' id='block_1_6' title="bbox 204 3661 478 3702">
    <p class='ocr_par' dir='ltr' id='par_1_6' title="bbox 204 3661 478 3702">
     <span class='ocr_line' id='line_1_22' title="bbox 204 3661 478 3702; baseline 0.011 -3"><span class='ocrx_word' id='word_1_141' title='bbox 204 3661 323 3700; x_wconf 76' lang='lat' dir='ltr'>cornelius</span> <span class='ocrx_word' id='word_1_142' title='bbox 335 3663 435 3702; x_wconf 80' lang='lat' dir='ltr'>Tacitus.</span> <span class='ocrx_word' id='word_1_143' title='bbox 462 3664 478 3702; x_wconf 95' lang='grc' dir='ltr'>Ι.</span> 
     </span>
    </p>
   </div>
   <div class='ocr_carea' id='block_1_7' title="bbox 0 0 1250 4014">
    <p class='ocr_par' dir='ltr' id='par_1_7' title="bbox 0 0 1250 4014">
     <span class='ocr_line' id='line_1_23' title="bbox 0 0 1250 4014; baseline 0 0"><span class='ocrx_word' id='word_1_144' title='bbox 0 0 1250 4014; x_wconf 95' lang='lat' dir='ltr'> </span> 
     </span>
    </p>
   </div>
  </div>
 </body>
</html>
