2444 4010
264 330 302 369 11
316 331 441 371 excussu
454 331 519 370 DIVI
532 332 659 372 saeuam
672 333 707 372 111
721 334 806 374 11-11
934 329 990 387 127

93 483 186 548 bravit
202 485 414 572 Cretensium,
431 511 509 574 quas
524 491 642 575 Minos,
659 492 900 579 Spartanorum,
915 519 994 582 quas

92 588 256 676 Lycurgus,
281 612 318 658 ac
338 615 415 658 mox
433 594 688 662 Atheniensibus
705 601 916 683 quaesitiores
930 601 994 665 iam

93 701 119 757 et
142 694 246 780 plures
278 697 354 762 Solo
383 700 580 785 perscripsit.
626 701 721 767 nobis
749 702 927 788 Romulus,
958 713 994 770 ut

91 797 224 883 libitum,
254 801 513 886 imperitaverat:
547 804 623 870 dein
646 805 753 870 Numa
782 805 993 892 religionibus
1003 828 1029 868 11⁵

92 908 119 965 et
133 903 237 970 divino
260 905 329 970 iure
347 908 504 991 populum
522 907 671 973 devinxit
685 919 878 996 repertaque
895 933 992 998 quae-

90 1006 156 1071 dam
183 1010 318 1075 aTullo
350 1017 384 1076 et
406 1010 510 1076 Anco.
557 1010 615 1076 sed
645 1014 838 1097 praecipuus
861 1014 992 1080 Servius

88 1110 203 1177 Tullius
226 1121 355 1180 sanctor
377 1116 487 1200 legum
509 1116 580 1200 fuit,
604 1117 674 1202 quis
699 1118 796 1184 etiam
817 1141 912 1206 reges
935 1122 991 1186 ob·

87 1223 308 1303 temperarent.

146 1324 197 1389 27.
228 1323 327 1390 Pulso
358 1325 532 1410 Tarquinio
564 1326 737 1392 adversum
766 1333 893 1414 patrum
925 1331 991 1396 fae·

86 1429 185 1494 tiones
213 1429 315 1494 multa
342 1431 483 1516 populus
513 1432 640 1515 paravit
668 1431 809 1497 tuendae
833 1434 992 1499 libertatis

86 1541 116 1596 et
136 1533 308 1600 firmandae
334 1533 543 1616 eoncordiae3
573 1535 735 1620 creatique
760 1536 936 1603 decemviri
960 1546 993 1603 et

85 1639 188 1702 accitis
220 1660 301 1724 quae
335 1660 471 1724 usquam
507 1638 641 1723 egregia
679 1639 877 1724 compositae
911 1640 991 1705 duo·

86 1742 183 1808 decim
199 1745 340 1827 tabulae,
355 1743 426 1809 finis
442 1744 536 1829 aequi
551 1744 639 1808 iuris.
664 1765 738 1808 nam
753 1749 884 1828 secutae
900 1745 1014 1829 legess

84 1847 140 1911 etsi
167 1847 339 1932 aliquando
369 1849 403 1912 in
433 1848 597 1913 maleficos
624 1869 666 1912 ex
691 1847 831 1930 delicto,
863 1851 992 1934 saepius

82 1955 186 2016 tamen
209 1952 408 2017 dissensione
432 1953 580 2018 ordinum
605 1960 638 2017 et
665 1953 830 2037 apiscendi
853 1953 992 2019 inlicitos

81 2056 219 2122 honores
238 2062 294 2121 aut
308 2056 453 2142 pellendi
470 2057 574 2121 claros
589 2058 676 2120 viros
693 2056 819 2142 aliaque
837 2058 877 2122 ob
893 2080 993 2144 prava

82 2181 137 2244 per
163 2161 229 2225 vim
259 2161 345 2226 latae
375 2168 459 2236 sunt.
506 2162 581 2227 hine
605 2156 744 2228 Gracchi
774 2169 807 2228 et
829 2162 992 2228 Saturnini
1053 2225 1056 2234 ,

83 2265 259 2350 turbatores
282 2264 396 2351 plebis,
418 2286 478 2329 neo
502 2268 608 2330 minor
630 2266 765 2349 largitor
787 2266 917 2330 nomine
940 2288 1028 2332 se-ro

81 2375 171 2433 natm
194 2369 336 2451 Drusus;
368 2369 510 2453 corrupti
534 2390 591 2453 spe
615 2375 671 2434 aut
692 2370 788 2434 inlusi
809 2392 869 2455 per
891 2372 991 2438 inter-

82 2474 257 2539 cessionem
281 2475 372 2539 soeii.
404 2495 441 2538 ac
456 2495 497 2538 ne
514 2473 601 2538 bello
620 2474 752 2559 quidem
766 2474 892 2557 Italico,
914 2497 992 2541 mox

82 2577 163 2642 civili
186 2579 341 2643 omissum
360 2579 435 2664 quin
450 2579 552 2644 multa
568 2584 601 2644 et
624 2578 752 2645 diversa
770 2581 991 2664 sciscerentur,

82 2681 182 2747 donec
219 2681 255 2745 L.
286 2681 375 2747 Sulla
411 2681 551 2746 dictator
581 2683 711 2748 abolitis
743 2685 795 2748 vel
827 2685 992 2751 conversis

80 2786 239 2870 prioribus
269 2807 341 2850 cum
366 2787 460 2872 plura
489 2787 686 2869 addidisset,
719 2789 820 2853 otium
849 2789 936 2854 haud
958 2790 992 2853 in
1001 2813 1027 2854 11

80 2891 213 2976 longum
234 2890 370 2976 paravit,
394 2890 500 2954 statim
523 2890 660 2955 turbidis
675 2891 792 2977 Lepidi
815 2893 992 2975 rogationi-

79 2995 136 3061 bus
151 3017 258 3081 neque
272 2996 374 3060 multo
389 3002 462 3082 post
474 2996 609 3061 tribunis
626 2997 754 3062 reddite
768 2997 899 3062 licentia
913 3019 992 3082 quo-

81 3123 140 3186 quo
159 3100 282 3165 vellent
299 3101 457 3185 populum
475 3101 628 3186 agitandi.
662 3102 791 3187 iamque
809 3122 875 3167 non
894 3101 992 3167 modo

81 3203 304 3286 incommune,
321 3203 424 3268 sedin
440 3203 585 3286 singulos
596 3205 744 3270 homines
756 3206 840 3270 latae
854 3205 992 3290 quaesti·

82 3326 166 3388 ones,
191 3312 223 3371 et
247 3307 486 3393 cormptissima
508 3328 543 3372 re
566 3309 696 3394 publica
717 3308 875 3394 plurimae
890 3309 1026 3392 legesis

143 3413 196 3475 28.
228 3410 311 3476 Tum
331 3411 390 3478 On.
405 3411 581 3497 Pompeius
603 3412 736 3478 tertium
757 3413 868 3476 consul
893 3411 990 3476 corri-

81 3515 192 3599 gendis
225 3515 367 3580 moribus
401 3517 562 3599 delectus,
594 3523 645 3583 set
678 3518 807 3601 gravior
837 3515 991 3582 remediis
