2482 4014
186 332 243 389 228
514 336 764 376 couumnrscrrr

186 495 439 584 possidendique
454 495 537 559 intra
549 493 677 558 ltaliam
690 499 831 576 cavetur,
848 496 1000 559 omissam
1012 496 1103 578 olim,

165 603 263 690 squia
291 599 416 687 privato
447 597 518 662 usui
547 597 668 663 bonum
696 598 861 682 publicum
882 599 1103 684 postponitur.

186 729 262 773 sane
292 710 385 772 vetus
413 705 485 769 urbi
513 704 666 768 faenebre
695 703 815 767 malum
843 709 877 768 at
904 703 1105 769 seditionum

188 811 482 894 discordiarumque
507 809 699 873 creberrima
722 829 817 872 causa
840 829 945 892 eoque
969 808 1104 873 cohibe·

188 918 281 982 batur
304 915 442 999 antiquis
458 933 587 998 quoque
604 919 637 976 et
652 913 758 975 minus
774 912 932 995 corruptis
947 911 1105 975 moribus.

188 1043 263 1087 nam
299 1019 402 1104 primo
439 1017 611 1082 duodecim
651 1015 768 1081 tabulis
804 1022 950 1079 sanctum
986 1017 1106 1100 nequis

155 1143 179 1183 ¹⁰
188 1125 332 1190 unciario
362 1123 495 1187 faenore
524 1122 660 1205 amplius
690 1128 876 1204 exerceret,
906 1141 980 1184 eum
1007 1127 1106 1184 antea

190 1251 231 1295 ex
248 1227 381 1293 libidine
398 1226 607 1311 locupletium
624 1226 815 1310 agitaretur3
840 1224 915 1288 dein
930 1225 1106 1308 rogatione

188 1331 358 1398 tribunicia
373 1330 414 1396 ad
431 1330 608 1395 semuncias
624 1329 801 1412 redactum,
820 1335 985 1415 postremo
1002 1331 1107 1394 vetita

188 1457 331 1503 versura.
356 1437 529 1521 multisque
539 1435 643 1520 plebis
654 1436 740 1500 scitis
751 1435 878 1500 obviam
888 1436 969 1498 itum
980 1434 1104 1499 fraudi-

189 1539 259 1624 bus,
275 1561 355 1626 quae
372 1541 492 1605 totiens
507 1561 674 1625 repressae
690 1540 785 1604 miras
800 1560 860 1623 per
875 1545 962 1603 artes
977 1559 1105 1602 rursum

156 1644 385 1710 rsoriebantur.
431 1643 487 1707 sed
517 1649 586 1707 tum
617 1644 780 1710 Gracchus
808 1651 954 1728 praetor,
984 1644 1035 1708 eui
1067 1665 1108 1708 ea

190 1749 336 1836 quaestio
353 1751 515 1830 evenerat,
537 1747 743 1812 multitudine
763 1747 1014 1833 periclitantium
1028 1747 1106 1811 sub·

191 1862 280 1919 actus
297 1853 420 1918 rettulit
439 1852 480 1916 ad
496 1857 643 1916 senatum
659 1851 843 1936 trepidique
858 1858 967 1936 patres
983 1851 1106 1936 (neque

192 1958 276 2023 enim
302 1957 468 2042 quisquam
491 1956 548 2020 tali
572 1955 666 2040 culpa
680 1951 815 2035 vacuus)
836 1956 964 2019 veniam
981 1956 1106 2039 aprin-

193 2063 263 2148 cipe
287 2062 449 2148 petivere3
480 2066 514 2123 et
537 2059 736 2124 concedente
760 2079 860 2122 annus
883 2057 1108 2142 inposterum

157 2189 182 2229 so
193 2187 315 2251 sexque
338 2186 466 2231 manses
490 2163 572 2243 dati,
606 2163 675 2248 quis
705 2160 883 2226 secundum
911 2162 1000 2226 iussa
1023 2160 1109 2246 legis

191 2271 334 2336 rationes
354 2269 527 2333 familiares
550 2270 683 2352 quisque
708 2272 948 2351 componerent.

260 2373 310 2436 17.
341 2373 426 2437 Hinc
448 2373 559 2457 inopia
579 2373 628 2436 rei
646 2372 852 2454 nummariae,
877 2379 1037 2437 commoto
1063 2373 1107 2436 si-

192 2479 259 2542 mul
289 2479 429 2543 omnium
462 2498 537 2542 aere
567 2478 673 2541 alieno
706 2483 739 2541 et
768 2477 842 2562 quia
871 2482 920 2540 tot
948 2475 1109 2541 damnatis

192 2581 350 2667 bonisque
385 2601 495 2646 eorum
529 2580 703 2645 divenditis
739 2581 899 2666 signatum
934 2587 1108 2663 argentum

192 2687 268 2752 fisco
285 2685 338 2750 vel
354 2685 477 2751 aerario
494 2685 698 2750 attinebatur.
730 2685 849 2749 adhoc
865 2689 996 2748 senatus
1012 2705 1107 2769 prae·

172 2790 365 2875 ascripserat
397 2788 475 2853 duas
506 2788 640 2873 quiaque
670 2788 810 2853 faenoris
833 2793 942 2872 partes
965 2789 998 2852 in
1022 2791 1109 2874 agris

193 2913 252 2979 per
267 2895 394 2958 Italiam
411 2895 605 2958 conlocaret.
637 2891 696 2957 sed
720 2892 898 2957 creditores
914 2892 945 2955 in
969 2893 1109 2957 solidum

193 2998 398 3084 appellabant
410 3019 471 3063 nec
488 2997 640 3062 decorum
654 2997 825 3083 appellatis
841 2997 986 3061 minuere
997 2998 1108 3062 fidem.

192 3103 239 3168 ita
265 3103 368 3187 primo
400 3103 600 3188 concursatio
633 3108 665 3165 et
695 3122 825 3186 preces,
856 3100 932 3164 dein
963 3106 1109 3185 strepere

194 3208 352 3292 praetoris
381 3207 519 3272 tribunal
549 3228 598 3289 ‚ea
628 3227 710 3292 quae
739 3206 884 3270 remedio
909 3206 1054 3290 quaesita
1075 3207 1109 3269 in

161 3310 389 3374 1ocontrarium
413 3308 548 3389 mutari‘,
573 3312 647 3394 quia
661 3311 882 3376 faeneratores
899 3331 1027 3374 omnem
1050 3331 1108 3394 pe-

195 3415 320 3478 cuniam
335 3415 515 3479 mercandis
531 3416 616 3499 agris
637 3416 859 3481 condiderant.
889 3415 1016 3498 copiam
1031 3435 1110 3479 ven·

197 3516 295 3578 dendi
317 3523 426 3580 secuta
447 3518 582 3601 vilitate,
606 3525 725 3602 quanto
751 3521 821 3604 quis
838 3520 1029 3599 obaeratior‚
1053 3541 1108 3584 ae-
