2444 4010
218 313 274 371 106
547 318 685 359 coenmn
699 319 797 360 rsomr

214 478 264 542 ius
286 479 455 562 praetoris,
478 479 553 544 huic
575 480 722 566 legiones
747 480 847 546 datae.
887 479 992 567 siquid
1011 479 1126 545 hostile

193 583 357 667 ringrnet,
389 605 485 670 quem
514 585 628 650 iustius
661 607 748 650 erma
780 585 1004 671 oppositurum
1035 605 1126 669 quam

214 687 268 772 qui
291 688 390 770 legati
413 691 637 756 auctoritatem
661 697 693 756 et
715 691 847 776 propria
868 689 1020 756 mandata
1039 712 1126 756 acce·

213 792 321 876 perit?
344 792 592 878 relinquendum
608 794 704 859 etiam
721 794 902 860 rumoribus
918 801 1048 880 tempus
1065 815 1125 878 quo

214 903 398 961 senescant:
422 897 612 983 plerumque
636 899 824 964 innocentes
847 900 970 966 recenti
988 899 1126 964 invidiae

212 1001 351 1087 inpares.
397 1008 429 1065 et
460 1002 486 1066 11
517 1007 627 1067 teneat
657 1003 852 1086 exercitum,
884 1010 1003 1089 augeat
1033 1005 1128 1086 vires,
1213 1027 1214 1032 ¹

178 1107 328 1188 romulta,
361 1127 444 1191 quae
475 1106 639 1192 provideri
667 1128 731 1172 non
761 1107 899 1192 possint,
931 1108 1067 1172 fortuito
1097 1107 1128 1172 in

212 1211 326 1274 melius
364 1221 483 1276 ca'sura.
529 1234 580 1295 ,an
614 1211 802 1277 festinemus
837 1233 909 1278 cum
942 1211 1128 1278 Germanici

206 1315 372 1380 cineribus
388 1315 563 1400 adpellere,
582 1322 618 1380 ut
632 1322 664 1381 te
680 1315 860 1382 inauditum
874 1321 908 1382 et
922 1316 1127 1382 indefensum

212 1419 358 1504 planctus
381 1418 580 1506 Agrippinae
610 1442 647 1486 ac
675 1422 791 1505 vulgus
814 1421 999 1505 imperitum
1021 1423 1126 1506 primo

211 1544 340 1588 rumore
372 1525 522 1609 rapiant?
556 1532 606 1590 est
635 1526 694 1590 tibi
722 1523 891 1611 Augustae
921 1527 1127 1607 conscientia,

177 1650 201 1690 11
212 1632 261 1691 111
277 1626 423 1692 Caesaris
445 1627 545 1711 favor,
570 1627 628 1693 sed
640 1628 676 1694 in
693 1630 833 1711 oecult03
858 1633 891 1694 et
905 1629 1027 1714 perisse
1044 1631 1126 1696 eer-

211 1732 369 1797 manioum
396 1732 476 1797 nulli
499 1732 667 1798 iactantius
690 1737 837 1798 maerent
860 1754 955 1818 quam
979 1734 1035 1818 qui
1058 1755 1126 1798 ma-

209 1835 295 1900 xime
320 1835 502 1902 laetantur.‘

277 1941 326 2004 18.
357 1941 456 2006 Haud
480 1962 597 2028 magna
618 1942 705 2007 mole
721 1942 797 2006 Piso
821 1946 989 2027 promptus
1005 1942 1124 2008 feroci-

170 2056 173 2060 ’
207 2044 267 2108 bus
290 2046 323 2111 in
347 2047 539 2112 sententiam
563 2046 699 2111 trahitur
714 2046 883 2131 missisque
901 2045 942 2110 ad
957 2046 1125 2111 Tiberium

208 2149 353 2233 epistulis
376 2151 501 2216 incusat
518 2151 745 2218 Germanicum
768 2152 864 2216 luxus
887 2134 921 2216 et
936 2153 1125 2237 superbiae;

207 2273 306 2338 seque
336 2255 479 2339 pulsum,
511 2262 547 2320 ut
574 2258 665 2320 locus
695 2255 791 2321 rebus
821 2256 913 2321 novis
943 2257 1125 2342 patefieret,

185 2380 316 2426 scuram
345 2361 506 2424 exercitus
530 2361 645 2426 eadem
667 2359 730 2424 fide
755 2381 817 2446 qua
840 2362 980 2426 tenuerit
1003 2362 1124 2446 repeti·

205 2463 301 2527 visse.
346 2463 440 2527 simul
461 2465 641 2530 Domitium
670 2465 845 2550 inpositum
873 2465 995 2529 triremi
1019 2467 1123 2532 vitare

205 2566 336 2630 litorum
367 2588 463 2632 oram
485 2575 677 2655 praeterque
706 2569 825 2633 insulas
853 2569 919 2633 lato
946 2569 1027 2633 mari
1049 2591 1124 2655 per·

205 2689 283 2753 gere
315 2671 349 2734 in
378 2670 503 2737 Suriam
531 2672 632 2737 iubet.
678 2681 905 2738 concurrentes
938 2671 1123 2738 desertores

205 2795 263 2859 per
286 2775 467 2860 manipulos
489 2777 658 2862 conponit,
683 2784 785 2842 armat
807 2777 890 2842 lixes
913 2779 1121 2862 traiectisque

170 2877 238 2946 ro'in
266 2879 483 2944 continentem
505 2881 639 2946 navibus
661 2881 818 2945 vexillum
840 2882 981 2945 tironum
1003 2883 1037 2947 in
1060 2883 1120 2948 Su·

203 2983 284 3047 riam
316 2984 460 3070 euntium
491 2985 669 3069 intercipit,
701 2986 821 3069 regulis
852 2986 988 3053 Cilicum
1020 2994 1057 3053 ut
1085 3008 1120 3053 se

204 3087 332 3151 auxiliis
362 3087 510 3154 iuvarent
540 3089 665 3172 scribit,
694 3089 781 3155 haud
811 3091 928 3176 ignavo
959 3090 1000 3156 ed
1027 3091 1120 3156 mini·

204 3193 301 3258 steria
323 3193 400 3258 belli
423 3193 540 3259 iuvene
563 3194 697 3275 Pisone,
725 3214 919 3279 quamquam
942 3196 1118 3280 suscipien-

204 3297 280 3361 dum
302 3299 423 3364 bellum
447 3299 618 3365 abnuisset.

269 3403 320 3466 79.
350 3402 454 3487 Igitur
478 3423 567 3467 oram
583 3403 702 3488 Lyciae
727 3425 764 3468 ac
786 3404 999 3489 Pamphyliae
1023 3425 1117 3490 prae·

206 3502 351 3586 legentes
382 3505 484 3569 obviis
513 3506 647 3570 navibus
677 3527 760 3590 quae
782 3504 997 3592 Agrippinam
1018 3508 1117 3574 vehe-
