2498 4010
313 323 350 361 sn
364 323 489 364 uxonssu
503 323 567 364 nrvr
580 324 708 365 socusrr
721 325 744 365 11
758 326 842 365 rr-u.
1000 323 1036 378 67

123 504 326 549 remorumve
339 484 525 549 subsidium.
548 486 768 551 meminissent
778 485 875 580 modo
886 486 1038 558 avaritiae

126 589 323 655 crudelitatis
352 591 539 676 superbiae:
570 591 656 656 aliud
681 592 741 656 sibi
762 583 921 676 reliquum
944 611 1039 674 quam

125 699 238 757 tenere
261 691 442 757 libertatem
464 699 520 758 aut
541 695 622 758 mori
645 700 719 759 ante
743 694 929 760 servitium?

195 797 244 859 16.
279 797 330 861 Sic
364 817 516 862 accensos
551 803 584 861 et
614 799 774 882 proelium
805 804 975 884 poscentes
1006 801 1039 864 in

127 920 284 984 campum,
307 900 358 963 cui
372 899 542 965 Idisiaviso
566 923 693 985 nomen,
719 902 890 968 deducunt.
924 904 951 969 is
973 927 1040 969 me·

127 1002 199 1066 dius
227 1003 311 1067 inter
333 1002 497 1088 Visurgim
527 1011 560 1070 et
589 1007 703 1089 001101,
733 1013 769 1070 11
792 1008 881 1093 ripae
903 1009 1039 1074 fluminis

127 1108 247 1172 cedunt
269 1115 324 1172 aut
346 1110 561 1194 prominentia
582 1111 927 1196 montiumflresistuna
951 1114 1039 1179 inae-

127 1213 265 1297 qualiter
287 1213 439 1278 sinuatur.
483 1237 568 1300 pone
591 1221 719 1299 tergum
741 1216 928 1300 insurgebat
950 1219 1063 1302 silvas

127 1317 224 1381 editis
246 1317 278 1381 in
302 1318 401 1381 altum
423 1319 518 1382 ramis
543 1324 575 1383 et
596 1340 676 1404 pura
698 1321 807 1386 humo.
846 1343 994 1408 campum
1010 1327 1042 1387 et

126 1423 232 1507 prima
260 1422 411 1486 silvarum
438 1423 575 1488 barbara
604 1425 689 1489 acies
718 1425 838 1489 tenuit:
870 1425 1040 1491 10110110-

125 1528 214 1592 rusci
246 1527 322 1612 iuga
355 1527 518 1610 insedere,
551 1534 588 1592 ut
622 1529 854 1614 proeliantibus
885 1529 1040 1595 Romanis

129 1631 270 1714 desuper
297 1631 505 1695 incurrerent.
550 1638 660 1696 noster
687 1633 846 1698 exercitus
869 1634 1040 1699 110111001-

127 1735 186 1798 sit:
216 1733 388 1798 auxiliares
413 1733 498 1798 Galli
523 1736 738 1820 Germanique
762 1737 794 1800 in
817 1737 939 1821 fronte,
968 1745 1041 1824 post
1053 1761 1077 1800 10

128 1859 211 1924 quos
242 1837 368 1922 pedites
400 1838 572 1921 sagittarii3
609 1839 683 1904 dein
715 1847 866 1924 quattuor
896 1842 1041 1925 legiones

128 1950 162 2008 et
193 1963 264 2006 oum
293 1941 416 2006 duabus
445 1943 614 2027 praetoriis
643 1942 830 2008 cohortibus
853 1965 890 2008 ac
914 1943 1041 2009 delecto

128 2048 239 2133 equite
273 2046 408 2129 Caesam
442 2047 518 2111 exin
548 2046 684 2112 totidem
716 2048 798 2120 aliae
829 2048 977 2130 legiones
1009 2053 1042 2114 et

126 2152 210 2216 levis
241 2156 399 2214 armatura
428 2171 500 2214 cum
528 2152 636 2234 equite
660 2152 826 2234 sagittario
850 2159 1042 2237 ceteraeque

128 2256 292 2320 sociorum
316 2255 473 2320 cohortes.
510 2255 652 2320 intentus
674 2263 868 2342 paratusque
883 2256 985 2340 miles,
1007 2263 1044 2320 ut
1054 2280 1079 2318 15

129 2359 211 2424 ordo
235 2359 370 2444 agminis
386 2361 426 2424 in
450 2360 552 2425 aciem
575 2361 756 2426 adsisteret.

199 2465 249 2526 17.
271 2462 358 2527 Visis
376 2463 771 2555 01101110011111100101111,
789 2488 870 2552 quae
887 2489 945 2553 per
960 2468 1044 2532 fero·

131 2570 213 2634 ciam
234 2574 457 2654 proruperant,
480 2569 693 2650 validissimos
718 2571 859 2654 equitum
881 2571 1043 2636 incurrere

129 2677 231 2758 latus,
255 2674 442 2740 Stertinium
465 2695 537 2738 cum
560 2674 676 2738 ceteris
699 2675 809 2739 turmis
833 2674 1045 2758 circumgredi

131 2785 287 2863 tergaque
299 2776 452 2842 invadere
465 2777 564 2862 iubet,
580 2779 650 2864 ipse
662 2779 694 2842 in
706 2783 851 2864 tempore
867 2777 1044 2842 adfuturus.

131 2885 257 2949 interea
266 2882 515 2968 pulcherrimum
524 2883 701 2967 augurium,
713 2887 786 2948 octo
797 2883 922 2967 aquilae
933 2887 1067 2968 peteres

133 2988 230 3053 silvas
248 2995 280 3052 et
295 2987 415 3052 intrare
430 2987 517 3052 visae
534 2988 762 3074 imperatorem
777 2987 956 3052 advertere.
988 3008 1044 3051 ex-

133 3092 249 3155 clamat
271 3092 365 3173 irent,
388 3099 599 3176 sequerentur
620 3090 783 3155 Romanas
806 3113 892 3174 aves,
915 3092 1045 3177 propria

133 3195 299 3278 legionum
320 3196 459 3258 numina.
504 3195 596 3258 simul
620 3195 780 3281 pedestris
803 3195 887 3260 acies
911 3196 1046 3260 infertur

136 3306 168 3362 01
189 3296 382 3383 praemissus
406 3317 511 3381 eques·
526 3306 706 3383 postremos
730 3319 766 3363 ac
788 3299 890 3363 latera
910 3298 1045 3384 impulit.

137 3400 315 3483 mirumque
331 3400 428 3483 dictu,
446 3399 509 3463 duo
526 3400 667 3465 hostium
682 3402 810 3484 agmina
822 3401 949 3465 diversa
959 3401 1045 3487 fuga,
1057 3429 1081 3467 10

138 3506 191 3589 qui
212 3507 325 3570 silvam
348 3509 534 3586 tenuerant,
564 3505 596 3567 in
620 3511 746 3591 aperta,
770 3505 824 3589 qui
848 3507 966 3590 campis
989 3507 1045 3571 ad-
