2482 4014
285 301 322 340 AB
336 300 461 342 EXGESSU
474 300 539 340 DIVI
552 300 679 340 AUGUSTI
692 300 724 340 1v
737 299 822 340 dd-ld.
951 297 1008 355 209

94 461 223 545 torique
245 459 356 544 flagitii
372 459 441 525 eius
457 465 640 544 repertores
654 459 807 543 habuere,
829 483 894 527 non
910 463 1008 528 modo

97 571 271 650 postquam
303 562 410 628 Gaius'
433 562 552 628 Caesar
582 584 698 651 rerum,
719 565 841 648 potitus
874 572 923 630 est
952 567 1031 633 seda

97 669 252 738 incolumi
273 668 414 750 Tiberio,
437 668 491 752 qui
514 669 673 734 scelerum
693 669 856 734 ministros
879 678 914 736 ut
936 692 1009 756 per·

98 776 182 840 verti
212 774 252 838 ab
282 773 352 836 aliis
382 771 514 836 nolebat
542 771 587 838 ite
608 773 800 857 plerumque
823 774 955 838 satiatus
978 782 1011 840 et

99 879 218 947 oblatis
240 881 274 942 in
298 877 434 943 eandem
465 898 598 962 operam
620 878 805 943 recentibus
826 883 955 944 veteres
978 884 1012 944 et

98 1003 294 1069 praegraves
309 981 449 1047 adflixit:
464 1002 577 1046 rerum
592 983 651 1046 has
667 988 763 1067 atque
779 981 858 1047 alias
873 983 1012 1050 sontium

99 1109 223 1174 poenas
241 1087 274 1153 in
289 1093 436 1172 tempore
451 1085 627 1151 trademus.
656 1092 725 1152 tum
741 1089 865 1153 censuit
878 1086 1011 1152 Asinius
1023 1109 1047 1148 10

101 1194 228 1275 Gallus,
252 1191 341 1256 cuius
356 1190 531 1256 liberorum
547 1191 729 1276 Agrippina
744 1197 917 1257 matertera
933 1197 1012 1274 erat,

101 1296 279 1384 petendum
301 1316 320 1358 a
341 1293 486 1380 principe
509 1299 544 1357 ut
567 1300 672 1358 metus
695 1316 770 1362 suos
785 1297 911 1361 senatui
930 1297 1011 1360 fate-

101 1407 191 1467 retur
212 1397 419 1481 amoverique
433 1395 562 1462 sineret.
599 1398 720 1462 unllam
736 1419 839 1483 aeque
854 1399 1013 1484 Tiberius,
1129 1395 1131 1401 ’

102 1512 138 1572 ut
153 1504 295 1585 rebatur,
312 1523 354 1569 ex
365 1501 537 1567 virtutibus
547 1501 612 1566 suis
621 1523 717 1586 quam
727 1501 1013 1570 dissimulationem

103 1609 274 1695 diligebat:
298 1627 337 1671 eo
361 1606 489 1691 aegrius
506 1606 630 1690 accepit
650 1604 775 1670 recludi
789 1626 871 1692 quae
886 1627 1013 1691 preme·
1025 1636 1049 1674 rs

102 1721 161 1781 ret.
194 1712 252 1778 sed
267 1709 426 1793 mitigavit
437 1708 583 1789 Seianus,
598 1729 665 1775 non
679 1709 765 1774 Galli
779 1730 890 1776 amore
901 1731 1015 1776 verum

101 1826 138 1884 ut
163 1815 367 1886 cunctatione
396 1813 549 1898 principis
578 1813 716 1898 periret,
745 1833 865 1898 guarus
893 1815 1015 1881 lentum

102 1925 137 1990 in
169 1918 375 1999 meditando,
408 1916 464 1981 ubi
494 1917 710 2002 prorupisset,
745 1917 888 1984 tristibus
922 1919 1015 1984 dictis

101 2027 226 2094 atrocia
246 2025 329 2090 facta
353 2023 562 2108 coniungere

171 2132 222 2194 72.
247 2128 373 2194 Eodem
388 2147 470 2192 anno
483 2125 588 2207 Frisii,
604 2127 855 2193 transrhenanus
865 2129 1015 2213 populus,

101 2256 218 2324 pacem
246 2253 369 2300 exuere
397 2237 509 2296 nostra
537 2231 640 2316 magis
669 2231 804 2298 avaritia
833 2253 929 2316 quam
958 2232 1015 2297 ob·

103 2340 209 2426 sequii
238 2338 442 2424 inpatientes.
487 2335 643 2400 tributum
670 2335 710 2400 iis
731 2335 857 2400 Drusus
878 2337 1016 2402 iusserat

103 2445 271 2512 modicum
284 2463 342 2528 pro
359 2441 508 2526 angustia
523 2453 640 2522 rerum,
663 2445 700 2504 ut
722 2441 756 2508 in
771 2459 847 2508 usus
862 2440 1017 2505 militares

36 2603 38 2608 .
104 2550 193 2616 coria
221 2548 320 2612 boum
351 2545 557 2630 penderent,
581 2564 647 2607 non
678 2543 802 2608 intenta
832 2545 1039 2630 cuiusquams

104 2675 182 2721 cura
204 2674 286 2738 quae
308 2649 481 2732 firmitudo,
504 2668 586 2734 quae
609 2669 767 2730 mensura,
792 2649 895 2715 donec
919 2650 1017 2716 Olen-

105 2759 179 2824 nius
210 2777 228 2820 e
258 2753 509 2840 primipilaribus
538 2751 691 2838 regendis
720 2751 832 2818 Frisiis
860 2754 1018 2840 inpositus

105 2869 200 2947 terga
221 2879 352 2923 urorum
378 2856 514 2942 delegit,
544 2877 680 2941 quorum
710 2856 753 2922 ad
781 2858 918 2923 formam
942 2879 1018 2924 con-

105 2970 305 3053 pararentur.
348 2962 384 3026 id
413 2962 484 3027 aliis
513 2981 642 3046 quoque
671 2962 855 3027 nationibus
883 2962 1019 3028 arduum

105 3071 194 3157 apud
209 3071 388 3136 Germanos
404 3066 564 3132 difficilius
587 3066 796 3149 tolerabatur,
820 3067 891 3152 quis
905 3068 1018 3152 ingen·
1029 3094 1056 3132 10

106 3178 189 3242 tium
215 3174 384 3239 beluarum
412 3171 536 3237 feraces
559 3171 676 3250 saltus,
708 3170 836 3235 modice
859 3171 948 3236 domi
970 3194 1020 3236 ar-

105 3285 217 3346 menta
238 3283 322 3342 sunt.
367 3298 404 3341 ac
427 3275 532 3360 primo
556 3273 657 3340 boves
679 3275 784 3359 ipsos,
812 3273 890 3338 mox
913 3297 1019 3361 agros,

105 3392 272 3472 postremo
303 3401 440 3476 corpora
470 3379 644 3464 coniugum
674 3383 729 3443 aut
751 3378 928 3444 liberorum
952 3400 1019 3444 ser·

106 3489 187 3554 vitio
210 3484 391 3551 tradebant.
422 3485 497 3548 hinc
515 3484 563 3546 ira
578 3487 611 3547 et
627 3487 770 3565 questus,
793 3489 827 3547 et
848 3489 1020 3570 postquam
