2482 4014
230 316 287 370 216
570 321 709 363 connum
722 323 820 364 usum

226 478 388 562 trepidum
404 479 528 543 vultum
544 480 613 545 eius
629 481 857 567 spectantibus,
881 502 953 546 cum
969 503 1139 567 superesse

205 588 353 666 atempus
375 585 556 650 novissimis
586 586 773 668 crederent,
802 586 910 671 gladio
940 607 1038 671 quern
1068 587 1141 652 sinu

226 685 395 760 abdiderat
410 687 563 753 incubuit.
601 710 707 774 neque
724 690 843 755 Caesar
859 690 932 754 ullis
952 690 1141 756 criminibus

226 800 280 855 aut
295 790 422 875 probris
439 791 624 857 defunctum
636 794 811 858 insectatus
830 799 889 876 est,
907 814 980 858 cum
995 794 1029 858 in
1039 793 1141 859 Blae-

224 917 294 959 sum
316 896 418 960 multa
438 895 599 981 foedeque
622 898 842 962 incusavisset.

288 1001 330 1084 V,
354 1003 384 1064 8.
407 1001 559 1066 Relatum
580 1002 657 1067 inde
688 1003 730 1066 de
753 1003 790 1066 P.
813 1001 947 1066 Vitellio
979 1007 1012 1067 et
1035 1001 1139 1066 Pom·

223 1107 321 1189 punio
346 1106 506 1172 Secundo,
544 1107 633 1170 illum
655 1107 777 1173 indices
801 1099 981 1192 arguebant
996 1107 1140 1171 claustra

223 1212 346 1294 aerarii,
370 1213 421 1276 cui
435 1212 618 1296 praefectus
634 1217 713 1294 erat,
729 1218 762 1276 et
776 1213 948 1278 militarem
962 1211 1138 1295 pecuniam

222 1315 318 1379 rebus
341 1319 434 1380 novis
462 1317 635 1398 obtulisse,
666 1317 739 1380 huic
762 1337 781 1379 a
804 1314 958 1380 Considio
982 1322 1136 1398 praetura

201 1420 329 1484 aiuncto
347 1420 567 1485 obiectabatur
581 1419 669 1484 Aelii
684 1419 771 1484 Galli
786 1418 934 1500 amicitia,
950 1417 1005 1502 qui
1019 1420 1134 1502 punito

221 1523 337 1589 Seiano
369 1524 403 1589 in
431 1525 543 1589 hortos
565 1524 740 1608 Pomponii
764 1524 855 1608 quasi
877 1524 1070 1588 fidissimum
1093 1523 1133 1588 ad

220 1628 396 1692 subsidium
411 1629 615 1714 perfugisset.
653 1649 757 1713 neque
774 1626 862 1691 aliud
876 1627 1133 1712 periclitantibus

218 1733 330 1796 auxilii
360 1754 455 1817 quam
482 1732 614 1796 fratrum
643 1731 838 1813 constantia,
868 1731 921 1815 qui
950 1731 1052 1795 uades
1077 1753 1135 1797 ex·

218 1839 338 1902 stitere.
370 1858 447 1902 mox
463 1836 583 1901 crebris
598 1835 832 1921 prolationibus
849 1857 939 1921 spem
954 1856 992 1900 ac
1007 1842 1133 1900 metum

183 1965 208 2004 10
217 1941 307 2005 iuxta
323 1945 473 2026 gravatus
488 1938 640 2004 Vitellius
656 1941 759 2024 petito
776 1961 835 2024 per
847 1939 988 2023 speciem
1004 1939 1131 2004 studio·

215 2066 286 2109 rum
310 2047 434 2130 scalpro
465 2045 572 2108 levem
599 2044 700 2108 ictum
722 2045 813 2108 venis
834 2043 942 2108 intulit
964 2043 1130 2128 vitamque

215 2150 416 2234 aegritudine
448 2147 546 2212 animi
573 2148 685 2212 finivit.
735 2154 768 2212 at
795 2147 995 2232 Pomponius
1026 2147 1131 2212 multa
1233 2185 1234 2191 κ

214 2273 341 2317 morum
364 2254 526 2338 elegantia
548 2258 581 2316 et
600 2252 729 2336 ingenio
752 2252 887 2334 inlustri,
911 2250 987 2315 dum
1011 2251 1128 2317 adves-
1232 2257 1233 2287 ¹

215 2380 283 2422 sam
304 2359 465 2424 fortunam
488 2378 609 2442 aequus
638 2357 769 2440 tolerat,
799 2356 928 2421 Tiberio
953 2362 1129 2441 superstes.
1230 2431 1231 2436 γ

277 2462 319 2543 V,
343 2465 374 2525 9.
396 2462 556 2527 Placitum
579 2460 715 2545 posthac
738 2468 773 2525 ut
795 2461 829 2525 in
851 2460 995 2545 reliquos
1017 2458 1128 2524 Seiani

212 2565 332 2630 liberos
355 2565 578 2630 adverteretur
599 2571 793 2629 vanescente
812 2584 1006 2648 quamquam
1020 2563 1127 2647 plebis

212 2671 262 2734 ira
275 2690 313 2733 ac
327 2668 489 2753 plerisque
505 2689 565 2754 per
582 2669 692 2753 priora
707 2668 865 2754 supplicia
878 2667 996 2732 lenitis.
1026 2666 1126 2750 igitur

212 2781 381 2859 portantur
403 2776 436 2839 in
452 2794 624 2857 carcerem,
646 2773 730 2837 filius
745 2772 980 2837 imminentium
995 2771 1123 2836 intelle·

189 2901 301 2963 agens,
322 2878 434 2963 puella
455 2877 537 2942 adeo
561 2878 679 2961 nescia,
701 2884 738 2941 ut
761 2879 874 2942 crebro
897 2876 1122 2960 interrogaret,

210 2982 298 3068 quod
322 2983 364 3047 ob
381 2982 534 3046 delictum
549 2989 583 3048 et
597 3003 661 3067 quc
677 2985 875 3066 traheretur,
899 3001 1006 3066 neque
1021 2981 1122 3046 factu-

121 3163 125 3172 ,
209 3109 278 3150 ram
301 3087 386 3150 ultra
408 3090 441 3150 et
458 3106 556 3169 posse
578 3086 747 3170 pueriliter
760 3086 896 3150 moneri.
927 3085 1038 3150 oblisis
1053 3085 1121 3150 fau-

210 3192 299 3255 cibus
320 3190 354 3254 id
378 3190 492 3254 aetatis
511 3209 647 3274 corpora
669 3190 702 3253 in
726 3191 902 3256 Gemonias
924 3189 1058 3255 abiecta.

273 3294 315 3377 V,
341 3295 391 3357 10.
421 3293 485 3357 Per
513 3293 599 3359 idem
623 3301 752 3379 tempus
775 3293 856 3359 Asia
878 3301 974 3378 atque
997 3292 1120 3358 Achaia

210 3398 384 3470 exterritae
407 3402 480 3460 sunt
503 3397 569 3461 acri
591 3398 694 3482 magis
708 3419 805 3482 quam
821 3397 972 3463 diuturno
989 3417 1118 3462 rumore

209 3500 351 3563 Drusum
374 3499 557 3565 Germanici
579 3501 679 3565 filium
702 3501 789 3586 apud
810 3502 967 3586 Cycladas
988 3501 1117 3580 insulas,
