2482 4014
264 318 322 374 240
595 323 733 364 CORNELII
746 325 844 366 raom

262 481 342 564 rari,
373 484 515 544 ceterum
545 479 696 563 regendis
725 480 899 565 prouinciis
926 480 1032 564 prisca
1052 478 1181 542 virtute

263 585 340 669 egit.
385 584 470 648 unde
493 604 658 668 regressus
681 589 713 648 et
735 584 905 648 formidine
930 582 991 646 Gai
1015 582 1181 664 Caesaris,

261 688 476 753 familiaritate
501 687 628 752 Claudii
656 693 750 774 turpe
779 689 812 752 in
843 689 1007 754 servitium
1030 695 1180 752 mutatus

262 792 430 877 exemplar
446 790 532 877 apud
546 800 694 875 posteros
708 791 880 857 adulatorii
894 791 1063 857 dedecoris
1071 792 1178 857 habe·

228 901 314 959 astur
344 902 571 980 cesseruntque
605 897 707 982 prima
738 899 911 983 postremis
935 904 976 962 -et
1007 898 1092 962 hona
1124 899 1177 962 iu-

261 1007 379 1066 ventae
402 1006 551 1064 senectus
574 1001 734 1084 flagitiosa
757 1001 963 1066 oblitteravit.

328 1106 380 1168 33.
412 1103 458 1168 At
485 1125 527 1168 ex
556 1105 676 1188 regulis
699 1106 789 1190 prior
809 1106 1012 1172 Mithridates
1034 1106 1176 1170 Pharas·

262 1229 389 1273 manem
416 1209 559 1294 perpulit
590 1207 665 1272 dolo
690 1216 723 1274 et
745 1210 777 1273 vi
801 1216 934 1275 conatus
962 1233 1037 1276 suos
1059 1212 1175 1275 iuvare

261 1315 446 1399 repertique
477 1319 682 1399 corruptores
715 1315 877 1380 ministros
904 1312 1036 1378 Arsacis
1067 1316 1175 1379 multo

261 1440 339 1483 auro
363 1419 404 1482 ad
428 1419 533 1482 scelus
556 1423 691 1503 cogunt3
716 1420 812 1483 simul
827 1419 942 1484 Hiberi
965 1418 1091 1502 magnis
1116 1439 1174 1482 cc·

239 1525 321 1610 ⁵piis
343 1522 532 1587 Armeniam
560 1523 748 1607 inrumpunt
772 1530 805 1588 et
826 1525 906 1588 urbe
929 1522 1088 1587 Artaxata
1110 1544 1174 1607 pc-

259 1630 391 1693 tiuntur.
429 1648 510 1711 quae
533 1633 703 1712 postquam
722 1625 888 1691 Artabano
907 1629 1047 1711 cognita,
1068 1627 1174 1693 filium

262 1732 394 1798 Oroden
418 1731 556 1796 ultorem
581 1730 636 1795 dat
648 1732 904 1817 Parthorumque
928 1733 1048 1817 copias,
1071 1732 1176 1796 mittit

262 1838 317 1922 qui
332 1837 453 1900 auxilia
465 1836 616 1902 mercede
633 1837 791 1903 facerent:
809 1842 922 1902 eontra
933 1837 1174 1901 Pharasmanes

261 1941 437 2022 adiungere
469 1939 635 2023 Albanos,
675 1942 779 2006 accire
816 1941 993 2023 Sarmatas,
1033 1963 1172 2026 quorum

225 2043 426 2128 rosceptuchi
451 2044 612 2127 utrimque
643 2044 736 2108 donis
758 2045 902 2128 acceptis
925 2064 1016 2109 more
1039 2046 1169 2128 gentico

261 2147 388 2212 diversa
416 2147 563 2212 induere.
608 2147 665 2212 sed
694 2148 811 2213 Hiberi
842 2150 988 2213 locorum
1018 2155 1170 2232 potentes

261 2251 378 2336 Caspia
399 2253 453 2316 via
474 2250 653 2316 Sarmatam
675 2252 706 2316 in
729 2252 902 2317 Armenios
923 2252 1042 2337 raptim
1066 2253 1173 2317 offun-

261 2355 350 2419 dunt.
396 2361 429 2420 at
457 2355 511 2440 qui
534 2355 663 2420 Parthis
691 2355 924 2439 adventabant,
956 2356 1051 2420 facile
1077 2377 1173 2420 arce-

260 2459 386 2540 bantur,
410 2481 481 2524 cum
497 2459 576 2523 alios
594 2459 737 2524 incessus
752 2460 853 2525 hostis
870 2460 1045 2541 clausisset,
1066 2479 1173 2525 unum
1224 2491 1225 2509 1

226 2583 251 2622 11
260 2563 420 2647 reliquum
437 2583 524 2628 mare
541 2563 625 2628 inter
640 2571 673 2628 et
690 2569 854 2629 extremos
863 2563 1062 2628 Albanorum
1073 2583 1173 2628 mon-

259 2673 310 2732 tes
333 2673 437 2731 aestas
461 2667 642 2752 impediret,
666 2669 740 2752 quia
761 2668 889 2733 flatibus
913 2669 1085 2733 etesiarum
1109 2668 1174 2733 im-

260 2772 389 2856 plentur
422 2769 519 2835 vada:
557 2770 710 2835 bibemus
744 2778 852 2836 auster
882 2772 1022 2837 revolvit
1054 2772 1175 2836 flnctus

260 2875 419 2959 pulsoque
440 2873 598 2938 introrsus
621 2875 703 2939 freto
720 2875 832 2940 brevia
846 2879 976 2941 litorum
994 2875 1174 2940 nudantur.

326 2981 377 3043 34.
409 2978 543 3044 Interim
563 2979 696 3045 Oroden
718 2982 877 3046 sociorum
902 2982 1032 3065 inopem
1058 2989 1176 3045 auctus

260 3084 380 3149 auxilio
403 3083 638 3148 Pharasmanes
665 3104 784 3148 vocare
816 3083 857 3149 ad
886 3105 1030 3170 pugnam
1055 3089 1090 3147 et
1115 3082 1175 3148 de·

259 3194 450 3254 tractantem
466 3189 638 3270 incessere,
662 3189 849 3274 adequitare
866 3189 985 3271 castris,
1007 3187 1174 3252 infensare

259 3294 394 3379 pabula3
434 3315 470 3358 ac
502 3314 599 3378 saepe
634 3293 750 3358 obsidii
783 3293 975 3358 stationibus
1008 3292 1175 3377 cingebat,

240 3397 364 3462 11111111
393 3398 506 3463 Parthi
535 3397 801 3464 contumeliarum
828 3397 1006 3463 insolentes
1034 3395 1174 3459 circum-

262 3501 412 3565 sisterent
434 3523 555 3586 regem,
578 3509 750 3587 poscerent
773 3503 943 3588 proelium.
985 3503 1081 3583 atque
1105 3498 1175 3562 illis
