2444 4010
282 341 459 383 nsnxoussu
472 341 538 382 n1v1
550 341 713 382 nuousrru
727 342 811 382 so-es.
963 337 1001 394 97

154 501 205 566 61.
238 500 392 566 Ceterum
416 501 630 566 Germanicus
660 501 731 564 aliis
754 521 882 586 quoque
906 501 1002 568 mirs-

91 607 168 671 culis
196 604 334 670 intendit
362 604 519 688 animum,
550 625 687 689 quorum
716 607 890 690 praecipua
911 607 1003 672 fuere

92 710 268 777 Memnonis
292 731 391 774 saxea
414 709 548 794 effigies,
571 709 627 774 ubi
649 710 747 775 radiis
769 709 847 774 solis
862 710 926 775 icta
942 719 1001 797 est,
1094 723 1100 742 ⁸

90 817 234 881 vocalem
257 834 372 879 sonum
393 813 536 878 reddens
560 814 774 902 disiectasque
797 815 883 880 inter
898 822 931 882 ct
946 817 1002 882 vix

89 920 212 1005 pervias
234 938 348 984 arenas
371 918 471 983 instar
485 920 644 984 montium
660 918 797 985 eductae
815 920 1022 1004 pyramidem

88 1024 262 1090 certamine
279 1028 312 1088 et
328 1022 444 1108 opibus
459 1043 574 1107 regum
589 1025 741 1108 lacusque
755 1025 874 1089 effossa
889 1025 999 1110 humo,

87 1127 310 1212 superfluentis
320 1126 387 1190 Nili
401 1127 619 1211 receptacula3
629 1125 733 1212 'atque
743 1128 820 1193 alibi
832 1130 998 1214 angustiae

87 1237 120 1296 et
145 1232 306 1317 profrmda
335 1231 471 1297 altitudo
502 1233 598 1297 nullis
628 1231 857 1317 inquirentium
887 1234 998 1319 spatiis

85 1336 302 1420 penetrabilis.
326 1336 403 1400 exin
416 1343 550 1402 ventum
559 1335 797 1421 Elephantinen
811 1358 849 1402 ac
858 1337 997 1422 Syenen,

85 1440 221 1505 claustra
242 1439 319 1504 olim
334 1439 474 1505 Romani
496 1440 634 1525 imperii,
657 1440 746 1526 quod
764 1463 849 1507 nuno
864 1441 997 1508 rubrum
1007 1463 1033 1504 ro

85 1544 126 1608 ad
148 1565 237 1609 mare
260 1545 408 1630 patescit.

147 1651 200 1713 62.
231 1649 319 1712 Dum
350 1656 455 1713 aestas
479 1650 675 1716 Germanico
708 1649 817 1734 plures
840 1671 900 1735 per
920 1672 996 1736 pro·

84 1752 200 1818 vincias
222 1752 418 1836 transigitur,
440 1753 528 1818 haud
549 1753 623 1819 leve
640 1754 739 1820 decus
753 1755 878 1820 Drusus
895 1775 995 1839 quae·

82 1857 153 1923 sirit
168 1857 314 1922 inliciens
331 1856 512 1922 Germanos
528 1859 570 1924 ad
586 1858 763 1925 discordias
778 1864 878 1944 utque
891 1858 993 1926 fracto

82 1961 144 2026 ism
172 1962 377 2029 Maroboduo
412 1984 515 2048 usquo
546 1963 581 2027 in
614 1962 751 2028 exitium
781 1963 993 2030 insisteretur.

81 2071 149 2132 erat
178 2067 263 2134 inter
292 2066 439 2132 Gotones
468 2068 586 2135 nobilis
614 2068 739 2134 iuvenis
768 2068 900 2134 nomine
931 2068 1013 2134 (la-s

81 2170 196 2235 tualda.
233 2171 389 2257 profugus
413 2171 491 2235 olim
512 2159 765 2252 v'iMarobodut
789 2177 866 2238 tunc
885 2172 991 2239 dubiis

82 2274 173 2340 rebus
194 2276 353 2341 ultionem
376 2295 510 2342 ausurus
532 2275 641 2342 valida
654 2294 751 2341 manu
766 2275 847 2340 fines
861 2276 990 2342 Marco·

81 2399 245 2445 manorum
273 2380 453 2465 ingreditur
482 2381 703 2466 corruptisque
732 2381 926 2466 primoribus
948 2381 991 2446 ad

80 2483 266 2550 societatem
296 2484 450 2568 inrumpit
483 2484 607 2568 regiam
636 2483 867 2570 castellumque
892 2486 991 2568 'iuxta

79 2587 180 2656 situm.
226 2594 354 2655 veteres
376 2589 442 2653 illic
464 2589 647 2654 Sueborum
660 2588 804 2674 praedae
819 2595 854 2654 et
870 2589 989 2655 nostris
998 2611 1026 2652 ro

79 2693 291 2777 eprovinciis
312 2694 399 2758 lixae
422 2715 460 2758 ac
490 2695 710 2779 negotiatores
738 2694 876 2778 reperti,
908 2714 989 2778 quos

78 2793 124 2858 ius
152 2797 354 2880 commercii,
388 2797 463 2863 dein
494 2796 611 2883 cupido
642 2797 783 2882 augendi
805 2798 988 2882 pecuniam,

77 2906 238 2982 postremo
264 2901 383 2968 oblivio
401 2902 523 2987 patriae
540 2901 606 2966 suis
622 2921 784 2986 quemque
800 2901 840 2967 ab
856 2901 988 2968 sedibus

77 2999 225 3070 hostilem
247 3005 282 3068 in
305 3024 416 3088 agrum
438 3003 657 3069 transtulerat.

140 3111 191 3173 63.
225 3109 430 3175 Maroboduo
461 3108 605 3192 undique
639 3106 769 3174 desorto
802 3128 869 3173 non
898 3108 987 3174 aliud

76 3213 252 3280 subsidium
268 3237 365 3300 quam
380 3213 602 3280 misericordia
618 3213 766 3278 Caesaris
781 3214 851 3278 fuit.
884 3218 987 3278 trans·

76 3334 201 3396 gressus
216 3319 413 3401 Danuvium,
429 3338 492 3405 qua
506 3318 661 3384 Noricam
675 3319 876 3404 provinciam
891 3338 985 3403 prae·

76 3418 153 3504 fluit,
175 3425 301 3509 scripsit
322 3423 454 3490 Tiberio
476 3444 542 3490 non
565 3429 601 3487 ut
624 3422 763 3508 supplex
783 3421 843 3487 sed
858 3441 901 3486 ex
915 3443 984 3488 me·

77 3527 177 3592 moria
196 3530 313 3614 prioris
334 3530 500 3596 fortunae:
524 3527 632 3592 multis
647 3525 831 3591 nationibus
847 3526 1006 3592 clarissi·s

128 3635 244 3680 (tomellus
258 3640 359 3681 Tacitus.
380 3641 398 3680 1.
812 3633 828 3682 6
