2482 4014
183 268 241 324 224
513 273 652 314 CORNELII
664 273 762 314 ‘ruem

149 431 217 495 mid
240 431 389 497 convictu
411 433 565 518 principis
580 431 762 518 prohibitus
785 453 858 496 cum
881 432 975 495 senili
998 453 1100 496 manu

183 535 304 601 serrum
326 537 565 620 temptavisset,
590 536 714 620 obligat
735 557 850 616 renas,
882 541 1100 620 precatusque

182 661 242 726 per
265 640 431 705 codicillos
447 641 561 704 immiti
576 641 732 726 rescripto
748 641 892 705 resolvit.
922 639 1101 704 acervatim

185 766 228 810 ex
263 765 302 810 eo
338 745 463 811 Annius
498 745 623 827 Pollio,
659 745 786 830 Appius
821 744 947 810 Silanus
976 745 1101 809 Scauro

184 851 349 916 Mamerco
361 850 456 915 simul
467 870 504 914 aa
514 848 632 914 Sabino
645 849 785 913 Calvisio
797 847 974 912 maiestatis
986 857 1101 932 postu-

151 953 306 1036 alantur,
337 959 371 1017 et
392 953 581 1018 Vinicianus
603 954 748 1019 Pollioni
775 953 859 1038 patri
888 953 1102 1033 adiciebatur,

186 1058 261 1123 clari
282 1077 386 1141 genus
401 1065 435 1122 et
448 1058 579 1142 quidam
594 1059 727 1123 summis
742 1059 931 1123 honoribus.
970 1064 1101 1122 contre-

186 1165 396 1244 muerantque
418 1165 526 1244 patres
542 1159 630 1241 (nam
646 1162 911 1246 quotusquisque
927 1159 1103 1224 adfinitatis

186 1269 241 1328 aut
264 1262 423 1328 amicitiae
446 1269 495 1328 tot
517 1264 700 1330 inlustrium
715 1265 857 1331 virorum
874 1287 992 1350 expers
1002 1263 1043 1346 i),
1067 1265 1103 1328 ni

187 1368 302 1434 Celsus
325 1367 465 1433 urbanae
489 1369 632 1434 cohortis
653 1371 818 1452 tribunus,
848 1375 916 1433 tum
944 1369 1029 1432 inter
1049 1368 1104 1430 in-

153 1473 284 1555 rodices,
305 1471 450 1559 Appium
466 1481 500 1538 et
516 1473 692 1538 Calvisium
717 1473 891 1538 discrimini
914 1472 1103 1537 exemisset.

187 1578 306 1643 Caesar
328 1577 485 1642 Pollionis
516 1599 554 1643 ac
576 1578 739 1644 Viniciani
761 1576 937 1660 Scaurique
961 1597 1105 1658 causam,

187 1689 222 1747 ut
244 1684 313 1768 ipse
330 1704 402 1747 cum
418 1687 531 1747 senatu
546 1691 704 1764 nosceret,
730 1681 853 1746 distulit
869 1680 953 1744 datis
968 1679 1104 1764 quibus·

189 1787 316 1851 damin
339 1785 493 1850 Scaurum
515 1785 658 1850 tristibus
681 1785 776 1848 notis.

256 1891 305 1954 10.
327 1890 359 1954 N
361 1910 379 1953 e
394 1889 532 1953 feminae
546 1888 676 1972 quidem
690 1894 836 1952 exsortes
848 1887 995 1972 periculi.
1025 1888 1106 1970 quia

190 1994 395 2078 occupandae
417 1992 465 2056 rei
487 1991 634 2076 publicae
658 1992 750 2074 argui
772 2013 839 2056 non
861 1999 1029 2076 poterant,
1059 1992 1106 2056 ob

189 2098 335 2162 lacrimas
351 2095 595 2177 incusabantur;
614 2103 791 2180 necataque
808 2117 887 2160 anus
902 2095 1002 2178 Vitia,
1019 2097 1108 2161 Fufii

191 2201 320 2266 Gemini
342 2206 462 2280 mater,
492 2199 581 2283 quod
609 2199 667 2262 filii
689 2220 803 2263 necem
826 2199 979 2264 flevisset.
1024 2200 1109 2264 haec

167 2307 275 2392 tapud
298 2313 461 2371 senatum:
485 2325 546 2369 nec
569 2325 661 2368 secus
682 2304 768 2389 apud
786 2305 965 2389 principem
979 2303 1108 2368 Vescu-

188 2411 287 2487 larius
324 2410 460 2474 Flaccus
499 2430 536 2473 ac
575 2408 676 2472 Iulius
709 2407 853 2472 Marinus
888 2407 930 2470 ad
967 2414 1109 2472 mortem

191 2522 339 2601 aguntur,
364 2537 381 2578 e
405 2512 629 2578 vetustissimis
644 2511 861 2593 familiarium,
883 2510 1039 2575 Rhodum
1054 2533 1109 2576 ee-

191 2621 255 2686 cuti
286 2628 319 2685 et
342 2619 428 2705 apud
453 2618 594 2703 Capreas
617 2616 791 2698 individui,
820 2614 1032 2681 Vescularius
1056 2615 1106 2678 in-

190 2726 343 2790 sidiarum
353 2725 385 2788 in
395 2722 554 2787 Libonem
564 2720 795 2799 internuntius;
811 2720 937 2784 Marino
949 2718 1108 2803 participe

155 2841 181 2880 1⁰
191 2832 325 2897 Seianus
340 2829 486 2895 Curtium
499 2827 645 2891 Atticum
663 2830 877 2910 oppresserat.
909 2843 972 2907 quo
990 2823 1109 2888 laetius

191 2940 359 3019 acceptum
389 2955 447 2996 sua
477 2931 630 3015 exempla
660 2930 694 2994 in
715 2929 918 2994 consultores
941 2927 1110 2992 recidisse.

255 3038 319 3102 Per
342 3036 428 3100 idem
452 3041 581 3120 tempus
604 3033 640 3097 L.
661 3034 738 3099 Piso
762 3033 919 3119 pontifex,
942 3053 1051 3097 rarum
1074 3031 1110 3097 in

192 3146 282 3205 tanta
304 3138 512 3222 claritudine,
536 3140 603 3202 fato
628 3139 723 3221 obiit,
747 3138 865 3203 nullius
888 3137 1014 3202 servilis
1036 3157 1110 3200 sen-

193 3245 314 3309 tentiae
337 3249 452 3328 sponte
475 3247 587 3306 auctor
611 3248 660 3325 et,
691 3241 839 3326 quotiens
861 3241 1037 3306 necessitas
1058 3240 1109 3304 in·

160 3363 184 3401 1⁵
195 3354 336 3432 grueret,
352 3348 516 3432 sapienter
533 3347 714 3411 moderans.
742 3351 869 3430 patrem
881 3345 912 3410 ei
925 3345 1109 3409 censorium

194 3450 292 3514 fuisse
316 3451 509 3532 memoravi,
533 3456 621 3515 aetas
645 3450 687 3514 ad
710 3451 967 3534 octogensimum
990 3469 1109 3514 annum
