2498 4010
352 331 388 370 AB
403 331 529 373 EXCESSU
542 332 608 372 DlVl
622 331 749 372 AUGUSTl
762 333 774 371 1
787 332 845 372 e·8.
1036 329 1052 385 ἵ

137 492 239 554 mirus
252 493 338 576 apud
353 495 509 580 populum
524 493 625 577 favor,
640 493 761 559 habere
775 492 946 577 imperium
956 514 1052 577 quam

138 603 330 680 exspectare
359 598 480 662 mallet.
527 597 624 662 dabat
647 603 679 662 et
710 597 831 678 famae,
858 602 894 660 ut
916 604 1051 662 vocatus

138 699 327 784 electusque
355 701 463 786 potius
494 723 513 766 a
541 722 576 765 re
607 701 737 786 publica
759 700 924 765 videretur
956 722 1051 785 quam

135 823 197 887 per
219 805 369 869 uxorium
392 805 549 870 ambitum
572 811 605 869 et
628 804 720 868 senili
744 804 920 889 adoptione
944 803 1052 889 inrep-

137 905 229 970 sisse.
282 913 397 992 postea
433 909 596 993 cognitum
629 913 678 972 est
711 908 753 972 ad
780 908 1051 992 introspiciendas
1060 927 1086 966 ao

137 1011 238 1074 etiam
266 1032 438 1096 procerum
467 1013 650 1078 voluntates
679 1012 845 1077 inductam
877 1013 1050 1079 dubitatio·

136 1136 231 1180 nem:
263 1137 338 1180 nam
371 1117 470 1181 verba
499 1117 607 1182 vultus
639 1117 672 1180 iu
704 1118 824 1182 crimen
857 1117 1052 1202 detorquens

137 1221 348 1285 recondebat.

204 1326 234 1388 8.
265 1325 355 1390 Nihil
382 1327 488 1410 primo
518 1331 648 1391 senatus
678 1326 731 1391 die
762 1326 816 1409 agi
847 1347 960 1411 passus
990 1326 1052 1391 nisi

135 1429 180 1494 de
204 1429 361 1514 supremis
377 1429 528 1514 Augusti,
553 1432 643 1495 euius
666 1437 893 1496 testamentum
916 1431 1051 1495 inlatum

132 1553 196 1618 per
218 1533 359 1616 virgines
377 1534 498 1601 Vestae
521 1535 688 1598 Tiberium
711 1540 745 1598 et
762 1533 888 1600 Liviam
911 1535 1051 1599 heredes

132 1639 259 1704 habuit.
296 1639 388 1705 Livia
408 1640 442 1705 in
464 1639 619 1704 familiam
641 1639 758 1704 Iuliam
781 1659 965 1722 nomenque
980 1638 1049 1703 Au-

132 1748 267 1827 gustum
283 1743 524 1825 adsumebatur3
549 1743 583 1806 in
605 1763 697 1827 spem
716 1743 891 1807 secundam
913 1750 1071 1827 nepotess

132 1853 416 1933 pronepotesque,
452 1848 550 1914 tertio
581 1847 683 1931 gradu
722 1847 880 1931 primores
913 1846 1051 1910 civitatis

132 1952 323 2036 scripserat,
354 1954 526 2038 plerosque
550 1954 671 2017 invisos
703 1951 782 2033 sibi,
812 1949 871 2015 sed
899 1950 1051 2015 iactantia

131 2057 303 2142 gloriaque
326 2058 368 2123 ad
389 2064 549 2144 posteros.
596 2059 705 2140 legata
726 2077 793 2121 uon
815 2055 899 2121 ultra
922 2053 1050 2118 civilem

132 2162 285 2243 modum,
313 2161 375 2226 nisi
398 2162 484 2247 quod
514 2163 635 2248 populo
661 2167 694 2225 et
723 2159 811 2245 plebi
833 2158 1050 2243 quadringen-

132 2267 219 2330 tiens
242 2265 372 2330 triciens
388 2267 589 2351 quinquiens,
613 2265 847 2351 praetoriarum
868 2263 1048 2330 cohortium
1059 2280 1083 2319 10

131 2369 290 2435 militibus
313 2370 440 2455 singula
468 2391 635 2435 nummum
664 2370 770 2452 milia,
801 2368 932 2433 urbanis
958 2368 1049 2452 quin-

130 2493 256 2557 genos,
285 2473 471 2558 legionariis
496 2482 551 2539 aut
576 2474 762 2539 cohortibus
787 2473 905 2538 civium
927 2472 1049 2538 Roma-

130 2597 249 2641 norum
264 2581 413 2642 trecenos
435 2599 584 2666 nummos
598 2577 718 2642 viritim
741 2576 842 2642 dedit.
886 2582 954 2640 tum
970 2598 1046 2642 eon-

131 2679 288 2745 sultatum
313 2681 354 2746 de
381 2683 573 2764 honoribus3
607 2704 648 2747 ex
672 2683 741 2767 quis
772 2682 915 2746 maxime
947 2681 1048 2765 insig-

130 2807 203 2868 nes,
226 2792 261 2849 ut
282 2792 377 2871 porta
399 2787 783 2872 triumphali‘duceretur
805 2786 910 2866 funus,
935 2783 1047 2848 Gallus
1057 2807 1082 2846 15

129 2891 285 2974 Asinius,
330 2898 366 2957 ut
409 2891 519 2975 legum
558 2892 695 2956 latarum
737 2890 840 2972 tituli,
889 2888 1047 2953 victarum

129 2995 279 3080 gentium
316 2995 473 3060 vocabula
511 2981 763 3078 anteferrentur,
803 2993 840 3057 L.
871 2991 1046 3057 Arruntius

130 3120 299 3165 censuere.
344 3099 485 3165 addebat
518 3101 671 3166 Messalla
700 3098 850 3165 Valerius
885 3118 1045 3163 renovan-

129 3205 210 3268 dum
232 3225 291 3288 per
313 3223 415 3269 annos
437 3210 674 3269 sacramentum
704 3205 738 3267 in
761 3222 881 3267 nomen
904 3201 1044 3283 Tiberii;

129 3310 436 3392 interrogatusque,
481 3330 558 3373 num
590 3307 765 3372 mandante
806 3327 877 3371 eam
913 3313 1080 3370 senten-a

127 3411 209 3475 tiam
258 3410 487 3496 prompsisset,
539 3416 654 3495 sponte
705 3410 824 3475 dixisse
878 3408 1046 3494 respondit

128 3535 236 3600 neque
258 3515 291 3578 in
320 3515 359 3578 iis
382 3535 464 3598 quae
490 3514 530 3579 ad
554 3536 623 3580 rem
654 3513 815 3599 publicam
845 3514 1046 3598 pertinerent
