2482 4014
253 311 310 368 2¹00
588 319 838 361 conunnnrscrrr

218 476 331 539 1olocis
355 476 584 558 occultantem;
610 481 642 540 et
657 475 767 539 Rhodi
790 475 891 539 vitare
906 481 1028 555 coetus,
1051 495 1164 539 recon-

252 578 329 644 dere
351 579 534 664 voluptates
557 581 709 646 insuerat.
746 587 839 646 erant
861 579 916 664 qui
939 579 1113 644 crederent
1134 579 1165 643 in
1227 607 1228 628 1

250 691 417 748 senectute
440 684 583 768 corporis
606 705 734 769 quoque
757 683 902 748 habitum
917 682 1034 768 pudori
1048 683 1164 746 fuisse:
1227 765 1228 768 Ἴ

250 788 369 872 quippe
392 787 440 850 illi
462 787 667 875 praegracilis
691 794 724 851 et
745 790 878 852 incurva
895 786 1084 871 proceritas,
1108 808 1165 850 nn·
1227 839 1228 846 ,

251 892 310 955 dus
333 892 447 976 capillo
470 898 601 973 vertex,
624 890 771 956 ulcerosa
793 892 892 956 facies
914 913 952 956 ac
973 893 1165 976 plerumque
1227 909 1228 950 l

214 1017 239 1055 15
250 995 515 1060 medicaminibus
537 996 749 1060 interstincta.
787 994 924 1059 traditur
942 996 1039 1060 etiam
1053 994 1166 1059 matris

248 1099 428 1184 inpotentia
458 1107 641 1182 extrusum,
671 1121 767 1184 quam
792 1099 1019 1164 dominationis
1042 1099 1165 1164 sociam

248 1204 478 1286 aspernabatur
499 1225 604 1288 neque
627 1204 792 1288 depellere
808 1209 947 1287 poterat,
971 1225 1044 1267 cum
1061 1204 1165 1267 domi-

248 1305 411 1371 nationem
427 1309 531 1392 ipsam
547 1308 667 1372 donum
682 1307 750 1371 eius
762 1307 950 1392 accepisset.
982 1328 1058 1372 narn
1073 1307 1165 1372 dubi-

247 1416 372 1474 taverat
397 1409 564 1494 Augustus
589 1412 833 1494 Germanicum,
861 1411 981 1475 sororis
1009 1417 1165 1496 nepotem

214 1521 280 1577 acet
303 1515 425 1578 cunctis
447 1515 620 1597 laudatum,
644 1515 691 1579 rei
709 1514 878 1579 Romanae
900 1514 1082 1598 imponere,
1108 1514 1164 1580 sed

247 1619 396 1702 precibus
418 1620 530 1683 uxoris
552 1621 676 1684 evictus
690 1619 821 1683 Tiberio
840 1618 1083 1702 Germanicum,
1106 1618 1165 1682 sibi

248 1721 412 1786 Tiberium
442 1723 588 1787 adscivit.
637 1722 735 1806 idque
768 1721 916 1806 Augusta
946 1723 1166 1808 exprobrabat

247 1825 448 1909 reposcebat.

312 1931 363 1994 58.
392 1931 555 1996 Profectio
573 1937 643 1994 arto
660 1932 828 1996 comitatu:
844 1953 926 1995 unus
942 1939 1075 1996 senator
1087 1955 1163 1998 cou-

244 2037 351 2100 sulatu
366 2037 504 2119 functus,
529 2035 684 2101 Cocceius
699 2037 731 2100 N
732 2057 818 2119 arva,
841 2037 892 2101 cui
907 2039 1018 2119 legum
1035 2039 1162 2122 peritia,
1227 2093 1228 2096 ,

247 2160 346 2224 eques
372 2125 539 2204 Romanus
568 2147 698 2226 praeter
719 2141 871 2206 Seianum
902 2162 943 2205 ex
972 2142 1163 2209 inlustribus
1227 2155 1228 2202 l

247 2243 376 2308 Curtius
391 2243 529 2327 Atticus,
553 2246 655 2311 ceteri
676 2245 862 2310 liberalibus
883 2247 996 2310 studiis
1012 2249 1162 2332 praediti,

224 2346 344 2411 sferme
359 2347 486 2427 Graeci,
502 2370 640 2434 quorum
656 2350 855 2415 sermonibus
870 2351 1043 2416 levaretur.
1078 2354 1161 2418 fere·

243 2452 323 2517 bant
351 2455 446 2538 periti
477 2455 663 2520 caelestium
694 2456 734 2519 iis
763 2455 903 2519 motibus
934 2455 1077 2522 siderum
1105 2479 1162 2523 ex·

179 2565 181 2572 '
245 2557 379 2622 cessisse
395 2557 500 2623 Roma
515 2558 688 2641 Tiberium,
712 2565 748 2624 ut
770 2560 893 2624 reditus
913 2561 961 2624 illi
974 2569 1161 2645 negaretur.

243 2661 331 2726 unde
362 2663 452 2726 exitii
482 2684 578 2726 causa
607 2654 715 2727 multis
744 2685 919 2749 properum
947 2665 1044 2730 finem
1074 2667 1160 2731 vitae

245 2765 498 2832 coniectantibus
526 2767 815 2851 vulgantibusque3
842 2788 949 2852 neque
979 2756 1065 2832 enim
1093 2777 1158 2833 tam
1227 2807 1228 2832 l

208 2870 465 2935 1⁰incredibilem
489 2892 597 2934 casum
618 2871 842 2956 providebant,
869 2877 905 2937 ut
927 2871 1078 2936 undecim
1099 2895 1160 2958 per

242 2995 344 3039 annos
376 2975 478 3039 libens
509 2976 613 3060 patria
643 2981 775 3040 careret.
819 2997 897 3041 mox
925 2977 1030 3060 patuit
1058 2977 1157 3040 breve

242 3077 415 3142 confinium
446 3078 522 3143 artis
554 3084 587 3144 et
616 3080 689 3143 falsi
716 3099 858 3163 veraque
887 3099 984 3163 quam
1014 3079 1157 3144 obscuris

241 3189 439 3268 tegerentur.
475 3204 550 3245 nam
573 3184 607 3246 in
622 3184 735 3247 urbem
751 3204 817 3247 non
832 3204 1054 3267 regressurum
1069 3182 1155 3246 haud

241 3286 325 3351 forte
349 3287 485 3350 dictum:
516 3292 698 3352 ceterorum
721 3289 821 3352 nescii
842 3309 956 3372 egere,
984 3309 1056 3352 cum
1078 3309 1155 3373 pro-

209 3416 233 3454 1s
241 3390 361 3472 pinquo
385 3409 458 3452 rure
482 3395 537 3453 aut
559 3390 654 3455 litora
677 3397 709 3455 et
732 3412 830 3477 saepe
853 3392 981 3457 moenia
994 3392 1081 3457 urbis
1096 3390 1155 3454 ad·

244 3490 357 3553 sidens
375 3497 553 3555 extremam
576 3501 740 3558 senectam
764 3496 984 3580 compleverit.
