2482 4014
205 315 262 371 244
535 318 673 359 CORNELII
687 319 784 358 TACITI

270 479 322 541 38.
356 477 445 551 Quae
476 478 599 542 duabus
628 479 804 543 aestatibus
833 485 926 563 gesta
948 481 1113 563 coniunxi,

206 604 268 668 quo
287 573 506 666 re'quiesoeret
528 582 652 646 animus
675 604 694 646 a
713 582 898 648 domesticis
917 584 1025 664 malis,
1049 605 1116 648 non

207 688 292 752 euim
309 686 483 767 Tiberium,
507 707 699 771 quamquam
721 688 860 752 triennio
883 695 956 772 post
979 689 1115 754 caedem

206 791 323 872 Seiani,
347 812 429 875 quae
454 796 579 855 ceteros
602 792 729 856 mollire
753 794 868 876 solent,
891 798 1020 878 tempus
1037 813 1113 877 pre·

185 916 260 960 aces
283 895 379 958 satias
398 895 598 978 mitigabant,
621 896 698 979 quin
713 897 836 961 incerta
851 899 904 962 vel
920 899 1040 962 abolita
1054 919 1115 982 pro

205 999 399 1083 gravissimis
423 1005 455 1064 et
476 1001 659 1064 recentibus
683 1003 821 1086 puniret.
863 1002 902 1068 co
925 1009 1015 1066 metu
1037 1002 1117 1066 Ful·

206 1104 307 1167 cinius
322 1103 397 1166 Trio
418 1103 596 1186 ingruentis
620 1113 822 1172 accusatores
845 1108 924 1171 haut
942 1126 1117 1190 perpessus

205 1209 362 1293 supremis
394 1209 510 1273 tabulis
539 1210 641 1275 multa
670 1217 703 1276 et
725 1213 847 1276 atrocia
869 1213 902 1274 in
925 1211 1113 1275 Macronem

205 1335 243 1377 ao
265 1313 455 1397 praecipuos
478 1314 668 1378 libertorum
692 1315 839 1380 Caesaris
863 1313 1032 1398 conposuit
1054 1313 1117 1396 ipsi

171 1435 196 1474 1⁰
205 1419 324 1481 fluxam
347 1417 436 1481 senio
461 1425 602 1482 mentem
626 1427 658 1483 et
680 1419 831 1483 continuo
851 1419 1006 1483 abscessu
1027 1417 1119 1481 velut

209 1522 344 1586 exilium
368 1520 570 1586 oblectando.
605 1543 686 1605 quae
709 1523 748 1587 ab
767 1523 941 1588 heredibus
960 1523 1119 1587 occultata

205 1626 334 1691 recitari
343 1624 489 1690 Tiberius
501 1624 593 1689 iussit
607 1625 764 1709 patientia
776 1627 933 1690 libertatis
947 1625 1071 1690 alienae
1085 1629 1118 1688 et

207 1736 409 1813 contemptor
431 1750 507 1792 suae
523 1729 682 1810 infamiae,
707 1751 746 1794 an
763 1732 922 1794 scelerum
937 1729 1046 1794 Seiani
1062 1728 1118 1792 diu

206 1833 333 1897 nescius
355 1852 433 1895 mox
455 1852 584 1914 quoquo
608 1832 706 1896 modo
731 1832 816 1898 dicta
835 1834 961 1918 vulgari
976 1832 1117 1896 malebat

173 1965 197 2004 15
206 1936 424 2019 veritatisque,
442 1935 492 1998 cui
508 1934 649 1999 adulatio
668 1936 774 2018 officit,
793 1959 852 2020 per
866 1938 984 2022 probra
1001 1938 1117 2000 saltem

206 2062 323 2125 gnarus
336 2041 416 2104 ficri.
437 2039 541 2104 isdem
558 2039 670 2104 diebus
682 2040 819 2105 Granius
827 2041 1009 2114 Marcianus
1023 2061 1117 2104 sena-

207 2154 258 2211 tor
280 2167 299 2209 a
317 2145 353 2209 O.
372 2145 517 2210 Graccho
541 2145 716 2208 maiestatis
738 2146 918 2229 postulatus
941 2147 1007 2210 vim
1029 2146 1115 2209 vitae

207 2272 283 2316 suae
308 2249 414 2314 attulit
429 2247 604 2332 Tariusque
622 2248 794 2313 Gratianus
817 2255 967 2333 praetura
989 2249 1117 2313 functus

207 2356 281 2436 lege
306 2351 420 2417 eadem
450 2357 630 2416 extremum
659 2352 701 2414 ad
723 2353 915 2436 supplicium
938 2353 1116 2416 damnatus.

179 2529 182 2542 ι
221 2534 222 2537 ¹
274 2458 325 2520 39.
355 2455 425 2519 Nec
456 2455 599 2540 dispares
622 2455 819 2520 Trebelliani
847 2456 923 2522 Rufi
952 2462 985 2520 et
1012 2455 1116 2520 Sextii

207 2561 383 2626 Paconiani
416 2559 538 2623 exitus:
575 2582 649 2640 nam
680 2560 901 2625 Trebellianus
933 2581 991 2624 sua
1021 2580 1116 2624 manu

210 2665 333 2748 cecidit,
356 2664 559 2728 Paconianus
582 2665 615 2728 in
639 2685 766 2729 carcere
788 2666 829 2729 ob
846 2665 988 2728 carmina
1002 2664 1067 2726 illic
1083 2663 1117 2727 in

209 2770 389 2856 principem
418 2767 561 2831 factitata
592 2769 807 2850 strangulatus
842 2773 900 2832 est.
950 2767 1031 2830 haec
1062 2765 1116 2829 Ti-

188 2877 316 2941 sberius
339 2896 404 2938 non
426 2874 516 2955 mari,
539 2878 575 2935 ut
591 2874 676 2952 olim,
700 2873 821 2936 divisus
844 2893 948 2955 neque
972 2891 1030 2954 per
1045 2870 1117 2933 lon-

210 2982 347 3066 ginquos
369 2978 498 3044 nuntios
522 2978 700 3062 accipiebat
723 2977 781 3042 sed
803 2977 916 3040 urbem
938 2975 1038 3055 iuxta,
1062 2994 1118 3037 eo-

211 3086 286 3150 dem
308 3090 344 3146 ut
367 3082 418 3146 dic
442 3081 494 3145 vel
517 3081 619 3144 noctis
634 3081 805 3145 interiectu
819 3079 934 3142 litteris
952 3077 1118 3142 consulum

210 3188 412 3267 rescriberet,
436 3185 527 3270 quasi
543 3185 703 3268 aspiciens
724 3184 900 3248 undantem
922 3203 981 3267 per
1004 3182 1119 3246 domos

212 3291 402 3374 sanguinem
424 3295 612 3353 autmarus
636 3288 829 3353 carnificum.
862 3286 925 3350 fine
941 3285 1016 3349 anni
1030 3285 1119 3369 Pop·

178 3417 313 3478 1opaeus
337 3393 470 3458 Sabinus
500 3392 658 3458 concessit
685 3393 768 3474 vita,
800 3391 945 3455 modicus
976 3390 1120 3474 originis,

214 3496 391 3578 principum
415 3495 555 3559 amicitia
569 3495 770 3559 consulatum
793 3517 830 3559 ac
852 3493 1044 3578 triumphale
1061 3493 1120 3556 de·
